2808 4856
142 499 152 530 ‚
351 441 354 450 ’
467 391 489 476 ³⁸
647 456 652 463 ·
845 455 849 458 ’
1018 421 1045 490 ⁶=
1076 443 1146 508 iiia

70 675 74 698 Ι
111 611 184 678 dari
205 627 244 680 'ct
261 576 425 696 magnifici
444 603 516 692 vici,
539 606 737 714 adoptaret
727 636 761 680 m
783 612 920 694 mutes,
941 561 1055 698 muisis
1073 619 1147 680 dan·

112 702 151 760 do
175 702 269 780 quod
292 699 434 776 habuit,
454 701 588 764 caeteris
610 701 801 783 pollicendo
822 703 914 782 quod
934 722 1004 766 non
1025 703 1148 804 habuit,

112 783 224 848 inutile
248 805 390 860 nomen,
421 799 527 849 vanae
551 783 689 868 gloriae,
722 805 842 869 magno
865 787 1007 885 corporis
1030 801 1063 852 et
1084 786 1151 851 ani·

113 891 183 933 mae
207 871 341 944 damno,
365 857 522 936 meicatus
545 884 602 934 est
646 873 689 936 Et
717 871 858 954 corrupti
888 869 1023 953 quidem
1051 861 1188 936 archi

43 955 47 970 '
115 954 257 1052 episcopi
279 973 387 1027 mores
410 959 449 1018 ab
473 955 565 1020 initio
590 957 685 1031 tales,
716 974 871 1039 processu
893 971 1003 1022 autem
1024 973 1161 1058 tempo·

117 1041 163 1116 ris,
183 1047 218 1102 e't
242 1040 323 1102 circa
345 1042 456 1140 tinem,
480 1061 611 1138 semper
631 1043 764 1105 fuerunt
786 1043 992 1118 deteriores,

191 1125 323 1188 Tunc
315 1126 410 1208 igitur
431 1126 555 1209 magnis
578 1127 685 1190 cutiae
707 1127 835 1190 inflatus
855 1127 1068 1204 honoribus,
1082 1127 1149 1196 virt·

123 1229 176 1296 que
205 1210 276 1290 jam
310 1211 546 1285 tolerandus,
537 1212 630 1294 inopi
660 1211 834 1295 parochiae
862 1211 956 1278 venit
984 1215 1149 1313 Bremam,

24 1297 48 1378 ξ·
120 1313 186 1366 curn
208 1295 346 1377 ingenti,
369 1311 404 1358 ut
425 1297 566 1372 solebat,
587 1297 798 1362 multitudine
821 1313 1029 1370 armatorum,
1051 1297 1149 1361 novis

23 1389 26 1468 ξ
118 1380 272 1464 populum
296 1397 333 1446 et
351 1382 528 1464 regionem
546 1381 768 1446 exactionibus
768 1401 978 1482 aggravans.
1011 1383 1055 1444 Et
1071 1400 1149 1445 tune

22 1515 24 1552 ι
118 1467 220 1527 levaia
244 1480 320 1528 sunt
322 1463 395 1528 illa
417 1467 561 1541 castella,
584 1487 670 1548 quac
691 1466 834 1534 maxime
855 1483 984 1530 nostros
1006 1467 1075 1528 ad'
1068 1475 1195 1530 uam

119 1551 212 1613 duces
234 1550 470 1628 incenderunt,
500 1551 673 1617 deficiente
702 1553 763 1621 iilo
784 1552 907 1627 studio,
940 1553 1032 1633 quod
1060 1554 1149 1652 prius

22 1669 23 1688 ι
119 1634 256 1697 habuit
247 1657 283 1698 ιιι
305 1636 521 1700 aedificationi
541 1655 722 1700 sanctarum
745 1637 1045 1720 congregationum.
1089 1637 1149 1700 Mi
1201 1704 1203 1708 ,

19 1753 26 1808 p
119 1721 212 1784 randa
233 1721 389 1784 nimirum
411 1723 563 1786 voluntas
586 1719 780 1798 hominis,
771 1723 943 1822 impatiens
967 1723 1034 1806 otii,
1064 1719 1175 1816 quie
1243 1735 1245 1740 ⁴
1293 1790 1296 1802 ,

19 1809 44 1878 y
121 1805 204 1866 domi
225 1805 370 1888 forisque
392 1806 486 1870 tantis
509 1823 663 1888 occupata
685 1806 865 1881 laboribus
886 1824 1057 1904 nunquam
1079 1829 1163 1890 pos·
1253 1819 1263 1841 ²

65 1936 67 1943 -
121 1905 165 1954 set
184 1890 318 1973 fatigari.
361 1891 449 1958 Nam
471 1911 546 1956 cum
568 1911 666 1974 saepe
695 1907 790 1956 antea
818 1891 917 1954 miser
944 1891 1150 1992 episcopatus
1251 1943 1256 1952 .

121 1975 216 2056 ejus,
226 1977 320 2038 tantis
343 1975 590 2058 expeditionum
612 1977 811 2072 sumptibus,
840 1975 1001 2059 tantisque
1023 1978 1150 2040 voracis
1233 2001 1236 2016 ·

16 2063 18 2068 ’
121 2060 227 2124 curiae
239 2060 368 2128 studiis
399 2065 591 2136 laborasset,
622 2057 711 2127 nuirc
743 2083 825 2128 tero
857 2062 892 2124 iu
925 2061 1151 2127 aedificatione

93 2225 96 2230 Ι
120 2146 411 2244 praepositurarum
434 2149 713 2224 eticasteiiorum,
746 2148 817 2212 sine
839 2147 1059 2213 misericordia
1079 2165 1151 2230 pro

100 2221 241 2314 ,fligatus
265 2246 323 2296 est.
367 2233 457 2296 Nam
485 2248 519 2308 et
546 2233 657 2296 hortos
686 2249 720 2297 et
741 2234 854 2298 vineas
882 2233 919 2294 ιιι
953 2251 1036 2298 terra
1064 2234 1151 2314 plan·

95 2317 96 2322 ’
122 2331 186 2380 tans
208 2318 313 2392 arida,
345 2315 419 2382 licet
440 2305 547 2384 studio
570 2312 746 2416 inefficaci,
784 2318 883 2382 multa
908 2329 1095 2392 tentasset,
1106 2319 1188 2382 ni·

120 2401 297 2480 hilominus
317 2415 428 2467 tamen
450 2403 517 2478 his,
539 2403 595 2484 qui
616 2425 742 2466 morem
764 2416 915 2486 gererent
935 2422 1015 2466 suae
1036 2403 1195 2464 volum.

122 2487 190 2562 tati,
231 2487 404 2571 magnifice
435 2449 542 2552 ιοιιιιι
573 2489 725 2554 οιιιιιιιιιιι
759 2485 964 2569 compensari
993 2487 1160 2551 laborem.

12 2555 14 2638 ι
98 2574 170 2643 ,Ite
199 2593 295 2638 mens
323 2573 386 2636 alta
415 2573 492 2651 viri,
527 2591 677 2656 pugnans
705 2587 816 2635 contra
841 2587 991 2636 naturam
1020 2570 1199 2652 patriae,

121 2656 273 2739 quicquid
302 2677 440 2740 usquam
470 2659 679 2742 magnificum
716 2655 843 2735 didicit,
878 2657 942 2720 hoc
968 2653 1090 2720 habeis
1115 2671 1180 2721 et
1241 2701 1249 2714 ·

12 2741 33 2750 ‘'
121 2741 188 2826 ipse
211 2744 348 2808 voluit.
370 2744 471 2825 Cujus
494 2745 601 2808 morbi
623 2760 736 2844 causas
756 2761 831 2805 cum
851 2741 1025 2822 diligenter
1045 2756 1079 2806 et
1096 2742 1154 2842 diu
1255 2747 1257 2752 ’
1355 2792 1357 2800 ,

113 2842 366 2911 1ιιιιιιιιιιιιιειιι,
385 2829 499 2894 inverti
512 2830 691 2912 sapientem
704 2827 828 2904 virum,
851 2827 973 2903 exilia,
991 2847 1090 2908 quam
1108 2825 1154 2890 ni·

122 2915 224 2976 mium
247 2915 375 2995 dilexit,
405 2915 521 2978 mundi
542 2915 661 2998 gloria,
688 2876 881 3014 perducium
900 2909 944 2976 ad
967 2913 1053 2976 hano
1074 2913 1198 2976 mol·

13 3075 14 3086 ἵ
123 2999 235 3064 litiem
246 2999 362 3075 animi,
394 3001 515 3081 quod
506 3019 541 3062 ιιι
562 2999 781 3082 prosperitate
793 2996 904 3062 rerum
925 2979 1155 3097 temporalium
1239 3073 1246 3082 .
1340 3014 1344 3034 ¹

85 3087 86 3092 ’
124 3083 299 3158 elevatus
291 3099 325 3147 m
347 3085 548 3168 superbiam,
577 3085 617 3146 ad
640 3084 771 3169 laudem
794 3083 1076 3164 comparandam
1067 3103 1190 3165 igno·

123 3173 209 3232 rabat
241 3169 438 3244 moduine
428 3191 464 3232 m
496 3165 688 3234 adversitate
723 3183 833 3234 autem
865 3170 938 3250 plus
964 3167 1158 3249 justorum

100 3313 103 3316 .
125 3257 271 3331 tristatus,
295 3255 497 3319 iracundiae
493 3269 559 3318 aut
579 3254 722 3318 moerori
743 3255 834 3318 frena
856 3254 995 3316 laxabat.
1039 3251 1202 3331 Itaque-

126 3351 187 3403 tam
209 3339 373 3415 inbono,
401 3341 428 3403 si
449 3341 598 3406 misertus
626 3355 699 3416 est,
715 3355 813 3437 quam
835 3338 869 3402 in
891 3339 1003 3411 malo,
1011 3335 1038 3397 si
1060 3337 1157 3399 iratus

126 3443 188 3502 cst,
222 3426 258 3488 in
286 3441 427 3507 unoque
456 3445 643 3490 mensuram
672 3425 819 3490 excessit.
875 3421 956 3504 Ejus
978 3421 1033 3486 rei
1062 3421 1173 3482 docui

126 3525 273 3575 mentum
302 3511 367 3575 hoc
394 3512 519 3588 habeo,
551 3510 677 3590 quod
669 3532 704 3573 ιιι
723 3509 771 3580 ira
792 3507 908 3572 furoris
930 3506 1019 3604 sui,
1033 3505 1158 3585 aliquos

76 3665 79 3670 ,
124 3613 226 3658 manu
253 3614 360 3695 usque
388 3599 429 3658 ad
457 3596 655 3664 effusionem
685 3593 850 3676 sanguinis
871 3585 1044 3690 percussit,
1078 3590 1159 3651 sicut

125 3682 309 3782 praeposito
342 3701 402 3744 suo
436 3679 571 3762 aliisque
603 3682 690 3746 fecit.
731 3681 775 3742 In
815 3673 1035 3748 misericordia
1067 3689 1193 3752 vero,

128 3781 209 3848 quae
232 3767 266 3830 in
287 3768 348 3830 hac
369 3783 458 3848 parte
481 3768 597 3830 melius
619 3765 744 3849 largitas
767 3763 898 3838 dicitur,
930 3775 998 3828 erat
1025 3759 1069 3823 ita
1090 3779 1160 3842 pro·

92 3885 96 3891 ·
127 3853 233 3928 fusus,
262 3868 298 3914 ut
317 3853 433 3916 libram
456 3851 579 3934 argenti
601 3867 811 3933 computans,
841 3847 1016 3928 aliquando
1040 3844 1160 3910 medio·

23 3955 27 3974 ¹
128 3937 231 4000 eribus
253 3937 400 4019 personis
422 3937 549 4002 effundi
570 3953 702 4000 centum
725 3937 819 3998 libras
841 3931 990 4008 edixerit,
1022 3929 1160 4012 amplius

92 4045 94 4050 ·
128 4039 236 4088 autern
259 4023 446 4105 majoribus
473 4023 553 4112 ,Qua
574 4024 617 4088 de
638 4043 675 4087 rc
697 4019 822 4098 accidit,
842 4033 880 4082 ut
901 4018 1207 4120 quotiescunque

221 4136 228 4153 ι
1063 4083 1207 4166 iratus‘

1315 3863 1337 3900 ι
1362 3851 1373 3931 y]
