2786 4852
308 351 384 456 aas

236 615 240 621 ,
303 535 418 627 δῖνοι,
446 562 481 628 et
501 545 896 631 impetratimploratumr
922 555 1043 606 vocam
1063 541 1153 608 enirn
1173 541 1326 621 Sincouo,

309 643 401 720 cujus
424 635 552 716 saepius
573 635 711 696 lecimus
733 629 946 705 mentionem,
970 644 1094 708 partem
1115 631 1281 706 exercitus,
1300 649 1328 694 et

202 764 214 782 2
296 723 468 787 :nobilium
497 739 631 782 suorum
662 732 786 798 partem
806 735 876 778 non
897 713 1070 792 modicam,
1096 735 1175 794 cum
1197 715 1327 796 satrapis,

256 813 261 828 ‘
308 811 369 890 qui.
387 821 511 888 partem
534 801 757 866 sollicitudinis
785 810 965 882 portarent,
994 797 1101 876 tradit:
1136 801 1330 880 sumptisque

227 889 231 898 ’
308 892 469 956 alimentis
491 889 542 965 ad,
554 887 614 952 iter
635 886 833 960 necessariis,
858 898 891 948 et
911 883 1054 958 camelis,
1076 885 1115 944 ad
1139 885 1329 954 devehenda

239 1031 246 1038 .
307 999 409 1042 onera
430 973 675 1045 sufficientibus,
697 989 761 1032 eos
777 970 811 1031 in
833 967 1027 1048 Aegyptum
1048 967 1165 1050 dirigit.
1199 959 1329 1046 Rexirs-

307 1064 404 1127 terim
425 1079 542 1127 eversa
564 1057 715 1130 Pelusio,
737 1075 812 1115 curn
835 1052 998 1114 universis
1020 1053 1201 1134 agminibus
1223 1073 1327 1116 uersus

308 1147 439 1213 Cehere
464 1145 614 1206 cohortes
643 1139 763 1222 dirigit,
796 1141 854 1202 sed
882 1139 972 1199 lento
1001 1137 1097 1198 nimis
1130 1141 1246 1220 gradu,
1277 1139 1326 1198 vir

297 1235 412 1296 ‚unius
432 1230 493 1294 iter
521 1227 585 1290 diei
615 1227 732 1290 decem
762 1223 878 1286 diebus
911 1220 1102 1294 conficiens3
1121 1224 1327 1304 {tandemque

298 1335 383 1382 -ante
402 1319 516 1376 urbem
535 1295 783 1384 cistiametatus,
806 1303 970 1370 machinas
992 1322 1094 1387 parat,
1112 1322 1213 1377 crates
1235 1309 1327 1390 erigit,

299 1421 340 1468 et
362 1414 489 1464 caetera
516 1398 557 1458 ad
585 1397 662 1458 tales
685 1413 762 1454 usus
784 1393 952 1474 profutura
973 1390 1125 1474 disponit.
1161 1393 1326 1467 Videntur,
1365 1427 1377 1444 ι

309 1507 394 1568 quae
415 1482 493 1546 foris
515 1477 900 1558 struuntunprornittere
923 1477 1064 1558 impetus
1087 1476 1234 1557 proxime
1253 1480 1327 1540 lutu-

305 1593 370 1643 ros,
393 1585 425 1632 et
447 1567 755 1630 obsesstsdncutere
774 1562 994 1636 formidinem,
1016 1576 1049 1624 et
1070 1563 1233 1642 quandam
1255 1569 1327 1624 nior-

307 1658 345 1720 tis
367 1652 542 1735 imaginem
565 1650 734 1713 intentare.
776 1645 844 1734 Qui
873 1659 983 1710 auteur
1009 1645 1084 1708 facti
1109 1646 1196 1708 illius
1224 1667 1327 1712 arcana

306 1755 438 1834 norunt,
459 1736 556 1817 hujus
579 1755 690 1796 morae
713 1730 963 1794 causam'fuisse
985 1747 1140 1810 assermtt,
1165 1734 1253 1812 quod
1270 1733 1327 1796 Sol·

297 1829 410 1888 ‚danus
439 1823 563 1892 interea
593 1816 803 1882 advenientis·
826 1813 984 1878 exercitus
1006 1830 1128 1879 terrore
1144 1814 1343 1895 concussus

307 1907 499 1993 prolixiores
528 1903 733 1967 deliberandi
760 1902 894 1964 haberet
921 1899 1083 1976 inducias,
1114 1917 1149 1966 et
1169 1921 1228 1984 pro
1249 1923 1327 1964 amo·

308 1997 419 2058 vendo
443 1989 586 2078 exercitu
609 1987 782 2070 pecuniam
803 1985 1032 2066 pacisceretur:
1060 2000 1126 2048 tota
1147 1989 1238 2049 enim
1258 1983 1330 2048 dluc'

244 2137 246 2144 .
306 2079 499 2162 properabat
520 2075 604 2156 regis
627 2071 775 2151 intentio,
796 2070 1016 2132 uta'Soldano
1033 2071 1209 2151 pecuniam
1225 2069 1326 2135 ‘emuuss

294 2179 412 2247 -geretr
445 2162 590 2224 malebat
615 2159 704 2222 enirn
733 2154 843 2237 precio
868 2155 1059 2235 redemptus
1092 2156 1198 2231 abire,
1237 2177 1325 2238 quam

306 2253 402 2316 urbes
424 2246 503 2322 illas,
527 2245 611 2306 sicut
632 2244 680 2306 de
696 2239 830 2312 Pelusio
854 2241 1039 2324 contigerat,
1061 2242 1270 2322 popularibus
1290 2243 1325 2304 ad

299 2338 451 2416 »rapinam
474 2349 653 2411 exponere,
674 2325 756 2388 sicut
777 2323 975 2386 manifestius
997 2325 1079 2388 infra
1101 2326 1235 2389 dicetur.
1269 2329 1324 2390 Sol·
1375 2361 1387 2398 ,γ

301 2422 408 2492 danus
437 2437 518 2479 vero
547 2416 670 2477 interea
698 2429 757 2500 per
784 2423 860 2472 suos
886 2423 919 2474 et
944 2410 1027 2494 regis
1054 2410 1228 2490 familiares
1249 2433 1325 2494 prae
1385 2425 1387 2494 ξ

294 2515 406 2568 tentat
426 2501 567 2574 aditum,
588 2517 722 2578 omnem
745 2497 892 2576 explorat
912 2495 1115 2578 subintrandi
1136 2497 1241 2558 viam:
1272 2514 1326 2559 tan·
1385 2523 1387 2552 ι

304 2593 382 2666 dem
411 2588 495 2669 regis
524 2584 669 2646 animum
691 2579 904 2662 pecuniarum
924 2579 1090 2662 cupidum,
1118 2581 1326 2664 promissioni·
1385 2603 1387 2610 ·

302 2678 364 2740 bus
393 2685 553 2744 enervat,
576 2667 735 2730 infinitam
764 2666 904 2746 spondet
932 2666 1123 2745 pecuniam,
1156 2687 1254 2748 quam
1276 2669 1325 2732 vix
1386 2689 1387 2702 ¹

302 2756 497 2821 universum
518 2749 821 2833 regnumpcorrasis
843 2748 990 2829 undique
1012 2749 1123 2831 copiis,
1146 2751 1339 2832 persolvere

301 2855 441 2925 posset„
465 2836 628 2902 Protnittit
649 2837 755 2905 enirn,
791 2849 828 2896 ut
849 2835 954 2915 ajunt,
990 2854 1165 2898 aureorum
1194 2837 1325 2919 vigesies

301 2943 440 2996 centena
461 2922 577 2995 millia,
598 2937 635 2982 ut
655 2919 787 2984 redditis
809 2921 868 2982 sibi
890 2919 957 2980 filio
980 2939 1017 2980 ac
1039 2935 1180 3000 nepote,
1208 2921 1325 2984 amotis.

203 3063 208 3084 ,
292 3033 367 3093 -que
395 3005 671 3091 expeditionibus,
701 3003 821 3068 rediret
848 3003 1054 3085 ad‘propria.
1104 3004 1185 3068 Hoc
1213 3023 1324 3082 autem,
1360 3049 1363 3058 ·

247 3089 273 3112 ”
299 3112 348 3160 ut·
364 3110 478 3177 postea
505 3094 623 3174 patuit,
655 3109 725 3152 non
752 3111 795 3153 eo
823 3089 1018 3168 moliebatur
1038 3089 1173 3164 intuitu,
1197 3108 1244 3154 nt
1264 3109 1325 3172 pro

299 3183 474 3246 missorum
503 3197 666 3241 summam
694 3194 768 3256 spes
798 3191 883 3252 esset
911 3175 1088 3252 aliquando
1110 3175 1255 3238 solutum
1277 3176 1324 3238 iri:

299 3269 358 3330 sed
388 3287 433 3329 ne
461 3261 577 3326 subito·
597 3262 728 3322 incursu
758 3259 916 3322 accedens
945 3262 985 3322 ad
1015 3259 1159 3334 Cahere,
1199 3259 1325 3344 impara-

299 3365 368 3412 turn
390 3347 669 3425 immunitumque
691 3342 874 3428 reperiens,
896 3344 1076 3424 repentinis
1098 3344 1324 3426 irruptionibus

297 3447 516 3516 expugnaret,
546 3434 635 3510 quod
659 3428 890 3510 proculdubio,
912 3444 948 3490 ut
969 3443 1154 3492 constanter
1175 3447 1325 3505 asserunt,
1366 3483 1369 3494 .

298 3519 354 3600 qui
376 3517 607 3599 iuterfuerunt,
630 3514 655 3576 si
678 3513 778 3576 citatis
800 3513 966 3599 itineribus
989 3531 1081 3594 capta
1101 3515 1256 3592 Pelusio,
1278 3519 1324 3580 de·

225 3633 231 3641 ,
292 3603 388 3686 jectis
410 3602 517 3665 adhuc
544 3616 577 3662 et
610 3599 746 3680 stupidis
774 3619 792 3660 a
819 3597 942 3662 recenti
968 3599 1077 3672 clade„
1110 3615 1144 3662 et
1171 3601 1326 3683 insperata

298 3703 408 3772 tantae
429 3686 515 3758 urbis
537 3685 729 3758 calamitate,
753 3683 996 3765 Aegyptiorum
1019 3681 1153 3758 animis,
1178 3686 1255 3748 illuc
1276 3707 1325 3752 no·

298 3789 362 3849 ster
383 3769 587 3853 pervenisset
609 3769 780 3844 exereitus,
801 3767 978 3852 accidisset.
1032 3767 1224 3835 Verisimile
1241 3771 1324 3834 enirn
1383 3805 1387 3830 t

292 3859 437 3934 uidetur,
462 3856 553 3936 quod
576 3855 636 3916 viri
658 3855 774 3917 molles
798 3862 830 3917 et
852 3851 1064 3928 effoeminati,
1087 3854 1325 3918 deliciisamul·
1384 3835 1387 3898 i

232 4009 257 4016 „
297 3955 331 4004 to
353 3955 439 4018 retro
460 3951 612 4024 tempore·
631 3937 741 4013 dediti,
761 3957 872 4014 rerum
893 3937 1077 4018 militarium
1097 3956 1258 4024 expertes,
1265 3939 1325 4088 had·
1354 3997 1359 4003 .
1382 4017 1386 4028 ι

429 4047 435 4064 “
1290 4042 1325 4090 us
