2786 4852
428 453 508 494 J(

1045 491 1146 596 ,573-
1249 451 1253 458 .

78 673 166 752 =stbi,‘
187 674 279 757 quod
299 687 546 760 contangere
567 687 605 740 et
622 695 763 758 regnum
783 675 871 740 mala
891 675 1046 760 plurimis
1067 701 1141 754 mss,
1208 667 1213 678 x
1283 763 1288 770 Ι

91 762 240 838 chineus,
268 761 450 826 Sarracenis
472 761 722 826 confoederatus
743 761 867 845 mmet
891 765 1059 830 Munierat
1074 765 1135 850 igl-

1 862 29 920 ,’
89 861 145 912 tur
167 847 363 929 praedictam
384 849 500 910 urbem
522 861 634 910 contra
655 847 864 925 Sarracenos,
889 866 992 914 uxore
1014 870 1073 914 sua
1094 851 1133 917 in

88 933 263 1015 praesidio
276 931 399 999 relicta
440 931 609 1001 Dominus
629 945 741 996 autem
764 931 875 996 Guido
896 953 955 998 ιιι
976 935 1135 1000 Hieroso·

88 1017 283 1100 lymitanus‚
316 1032 350 1092 et
377 1015 584 1116 llaimundus
606 1035 720 1078 comes
741 1017 903 1099 Tripolis,
925 1039 1000 1082 cum
1027 1019 1133 1085 omni·
1202 1093 1205 1104 Ι

88 1104 152 1165 bus
174 1101 244 1165 iere
267 1101 365 1166 totius
386 1100 479 1183 regni
500 1099 577 1163 viris
598 1099 780 1178 nobilibus,
812 1123 889 1163 cnm
912 1103 1075 1184 equitibus
1097 1118 1133 1172 et
1215 1145 1221 1166 .

1 1205 2 1268 j
87 1185 255 1284 peditibus
271 1201 436 1266 quotquot
452 1183 575 1252 habere
592 1198 779 1267 potuerunt,
801 1185 948 1265 sinistris
954 1187 1132 1290 ominibus,
1191 1247 1197 1251 .
1248 1223 1257 1238 ·‹

88 1269 195 1334 divini
217 1270 338 1335 favoris
360 1269 481 1334 auxilio
504 1267 667 1345 destituti,
698 1271 892 1337 salahadino
921 1287 956 1336 et
983 1274 1049 1337 suis
1079 1295 1152 1350 oo,
1199 1271 1201 1276 ’

88 1369 276 1430 currentes,
308 1356 449 1420 tentoria
477 1374 536 1421 sua
557 1351 641 1418 circa
660 1355 787 1420 lbntem
810 1356 1071 1439 sephoritanum·
1084 1360 1132 1421 lo·

84 1453 259 1505 caverunt.
295 1442 350 1506 De
373 1438 581 1511 multitudine
603 1438 767 1522 siquidem
788 1459 849 1504 sua
868 1439 942 1524 plus
961 1462 1064 1542 quam
1085 1445 1132 1509 ds
1163 1501 1165 1507 ,

1 1549 2 1556 ¹
87 1523 207 1586 divino
236 1522 397 1604 adjutorio
427 1523 650 1590 confidebant:
691 1545 711 1587 a
740 1523 851 1608 primo
879 1527 970 1592 enim
996 1525 1132 1592 introitu

85 1607 324 1674 Latinorum
315 1629 350 1670 ιιι
379 1623 497 1672 terram
524 1623 685 1683 sanctam,
727 1609 829 1674 nostri
861 1621 910 1674 tot
940 1612 1102 1676 'milites
1088 1633 1135 1682 ιιι
1190 1619 1195 1630 “

1 1743 2 1758 t
85 1713 159 1756 uno
191 1692 321 1774 proelio
352 1711 551 1776 congregare
583 1695 817 1774 nequiverunt.
904 1697 1008 1760 Erant
1038 1697 1138 1762 enirn.
1170 1749 1174 1754 .

1 1817 2 1820 =
86 1777 182 1846 mille
212 1775 345 1841 ducenti
373 1778 492 1842 milites
507 1776 653 1843 loricatis
684 1779 836 1858 peditum
855 1794 965 1843 autem
987 1801 1064 1843 cum
1086 1793 1131 1844 ar-
1167 1801 1169 1806 ’

1 1859 2 1932 J
37 1935 39 1940 Ι
86 1861 163 1940 mis,
185 1865 324 1928 arcubus
345 1877 378 1930 et
398 1861 538 1937 balistis,
564 1861 690 1926 circiter
711 1861 826 1946 viginti
848 1864 949 1928 millia
970 1865 1133 1932 infaustae

86 1945 293 2028 expeditioni
321 1945 507 2016 interfuisse
537 1945 703 2010 dicuntur.
741 1949 811 2012 Die
835 1963 949 2014 autem
968 1949 1133 2030 sequenti,
1195 1963 1199 1969 “
1283 1963 1291 1978 *
1340 1975 1383 1988 ·‘

87 2032 171 2094 dum
203 2033 412 2096 nostrorum
421 2031 585 2097 exercitus
614 2051 730 2096 versus
762 2035 928 2116 obsessam
963 2034 1131 2100 civitatem

1 2155 3 2162 ι
86 2117 352 2199 progrederetur
374 2117 514 2199 ιοιιιοιιι
528 2115 677 2196 equitum
697 2116 817 2182 leviter
832 2133 1031 2190 armatorum
1048 2113 1254 2183 mul·

87 2202 195 2273 titudo
225 2202 268 2268 de
291 2201 436 2266 exercitu
458 2199 661 2276 salahadini,
690 2221 710 2266 a
738 2201 860 2266 dextris
886 2220 930 2268 et
948 2225 967 2266 a
994 2203 1131 2267 sinistris

1 2279 2 2306 ³
87 2299 218 2356 nostros
239 2301 394 2367 proterve
414 2286 511 2352 nimis
532 2285 700 2360 infestans,
719 2287 840 2369 sagittis
862 2303 895 2352 et
911 2289 1044 2369 spiculis
1061 2285 1130 2351 tarn
1197 2337 1201 2344 ι

87 2389 196 2452 equos
223 2389 331 2453 quam·
351 2371 479 2452 equites
496 2370 580 2438 sine
610 2370 851 2439 intermissione
873 2373 1062 2448 vulnerans,
1093 2368 1145 2445 ιιι
1231 2444 1241 2450 Ι

86 2457 164 2520 loco
187 2455 276 2518 arido
299 2471 332 2518 et
352 2455 512 2538 inaquoso
535 2455 714 2520 exercitum
732 2473 881 2520 nostrum
902 2473 1017 2520 castra
1014 2458 1131 2520 locare

1 2609 2 2614 ,
86 2555 121 2606 et
150 2539 290 2604 tentoria
315 2541 417 2624 figere
446 2540 565 2638 coegit.
617 2542 720 2639 Quod
748 2543 932 2623 prudenter
957 2542 1132 2606 attendens

86 2625 320 2701 Salahadinus,
352 2625 504 2725 sequenti
531 2624 586 2690 dia
613 2626 802 2724 priusquam
825 2628 867 2690 ad
888 2645 988 2706 aquas
1010 2625 1131 2724 exerci

14 2709 18 2723 “
87 2723 146 2774 tus
162 2709 264 2772 nostri
287 2709 461 2791 pervenire
482 2709 682 2792 potuissent,
700 2712 793 2792 juxta
810 2712 1013 2776 Tborsnum
1030 2707 1132 2773 etin·

1 2805 2 2872 ξ
32 2799 34 2806 ’
87 2791 244 2860 ordinatis
272 2796 455 2860 secundum
482 2794 657 2864 militarem
681 2793 886 2896 disciplinam
914 2795 1065 2860 aciebus
1072 2814 1133 2857 no·

1 2932 5 2972 ³,
86 2878 177 2956 stris,
213 2896 279 2942 tam
301 2881 467 2960 equitibus
491 2897 591 2960 quam
614 2880 707 2962 equis
735 2879 787 2942 siti
815 2879 998 2957 arentibus,
1039 2877 1131 2942 dimi·

86 2978 217 3030 caturus
250 2963 410 3030 hostiliter
437 2965 584 3066 occurrit.
645 2967 748 3030 Erant
775 2981 885 3031 autem
907 2967 979 3030 dies
999 2963 1131 3030 servem
1173 3001 1181 3024 .-
1272 3039 1276 3048 Ι

2 3099 3 3114 t
85 3063 137 3114 te's
166 3047 277 3120 valde.
319 3051 441 3118 Mense
468 3049 558 3114 enim
584 3050 675 3116 Julio
702 3066 817 3134 quarto
838 3069 944 3114 nonas
966 3040 1132 3130 ejusdem,

86 3133 232 3200 infesto
253 3133 467 3200 translationis
489 3135 591 3198 sancti
612 3135 763 3210 Martini,
791 3157 881 3200 anuo
899 3132 1130 3198 incarnationis
1182 3174 1184 3176 -
1235 3197 1244 3216 Ι

5 3233 8 3238 ’
86 3217 231 3282 Domini
251 3218 428 3284 millesimo
451 3217 633 3282 centesimo
654 3209 856 3302 octogesimi)
877 3217 1131 3299 septimu,t'ra·

2 3335 3 3340 *
87 3303 171 3368 didit
192 3304 360 3368 Dominus
382 3306 543 3386 populum
566 3303 823 3402 christianorum,
856 3302 990 3366 infinitis
1010 3321 1130 3366 eorum
1203 3355 1207 3362 .

87 3385 230 3488 peccatis
252 3387 516 3489 exigentibus,
505 3409 539 3450 ιιι
561 3408 678 3487 manus
693 3388 894 3470 impiorum,
927 3389 1015 3453 adeo
1035 3383 1129 3486 qnod

3 3527 4 3530 ,
87 3471 194 3538 nostri
210 3473 317 3544 subito
316 3487 424 3574 terge
442 3472 577 3536 dantes'
567 3472 706 3538 inimicis
725 3475 794 3538 fere
807 3491 934 3548 omnes,
945 3495 980 3536 a
983 3471 1130 3536 maximo

3 3633 4 3638 Ι
86 3578 196 3638 usque
219 3561 261 3622 ad
282 3559 457 3624 minimum
477 3557 640 3621 trucidati
653 3573 746 3633 sunt,
775 3559 833 3623 vel
849 3557 1045 3639 captivitate
1071 3558 1130 3621 ds·
1166 3607 1171 3617 ι
1216 3559 1246 3582 ”

61 3641 193 3708 'tenth
220 3645 269 3706 In
296 3657 423 3709 tantum
451 3641 543 3707 enim
565 3641 763 3717 formidine,
796 3657 829 3712 et
849 3639 1131 3725 pussillanimitas

88 3725 285 3814 humiliavit
297 3747 358 3794 eos
378 3727 555 3802 Dominus,
578 3727 669 3812 quod
690 3745 779 3790 unus
799 3747 842 3794 ex
863 3727 1009 3790 hostibus
1032 3745 1169 3798 verse
1155 3786 1158 3792 ,
1184 3764 1186 3766 -

3 3827 40 3850 ’“
88 3805 164 3880 viee
211 3828 344 3878 centum
366 3813 622 3912 persequebatur
643 3831 685 3912 ex
707 3811 848 3889 nostris,
875 3807 1064 3892 etquidem
1085 3831 1161 3873 ars

39 3927 42 3933 ’
87 3919 146 3963 ma
166 3917 225 3962 sua
246 3897 381 3980 turpiter
407 3895 656 3982 projicientes,
662 3896 698 3962 in
726 3904 843 3968 manue
863 3894 1072 3961 inimicorum
1091 3913 1133 3960 ss

5 3987 6 3992 ’
76 3983 180 4066 *ipsos
201 3982 297 4066 gratis
320 3983 498 4048 tradebant.
529 3983 640 4053 Facta
661 3995 771 4070 autem
793 4003 912 4065 magna
932 3997 1037 4064 strage
1059 3997 1133 4044 cae·

25 4087 28 4101 ·
92 4087 217 4134 sorum:
247 4063 370 4139 Guidb
392 4070 434 4136 de
461 4033 625 4198 Lisiiuaco
646 4064 707 4137 ιιι
732 4066 1063 4153 Hierosolymorum,
1096 4079 1131 4128 et

540 4191 572 4210 .·
1035 4147 1173 4237 magi
