2786 4852
20 355 515 472 'trac-f
609 338 768 424 ²³

753 467 757 499 l

291 575 460 664 proximae
493 565 627 649 civitatis
658 567 922 643 lamentabilem,
960 579 1036 632 ante
1068 561 1182 632 oculos
1214 571 1314 652 poulo

292 659 482 746 captivitatis
504 656 720 730 acerbitatem,
742 653 951 717 dominorum
970 653 1088 735 jugum
1109 655 1339 736 importabile·

292 743 454 812 servitutis
497 755 676 804 extremam
718 740 868 802 omniurn
911 739 1135 802 conditionem
1179 742 1314 822 exponit

290 835 369 900 Erat
389 830 423 892 in
447 826 567 892 eodem
590 823 715 885 domiui
735 824 819 905 regis
842 823 986 887 exercitu
1008 823 1059 885 vir
1084 825 1235 904 quidam,
1273 847 1314 892 se-

291 913 436 980 cundum
459 929 589 973 carnem
612 911 747 982 nobilis,
770 910 830 972 sed
851 909 995 970 moribus
1019 910 1177 990 degener,
1211 928 1314 992 neque

289 1003 406 1066 Deum
426 998 554 1069 timens,
576 995 745 1072 nequead
764 993 934 1054 hominem
948 993 1076 1056 habens
1093 996 1314 1071 reverentiam,

289 1085 375 1150 Milo
397 1081 551 1146 videlicet
573 1081 614 1141 de
636 1077 766 1153 Planci,
792 1077 895 1158 homo
916 1074 1177 1152 inverecundus,
1207 1081 1313 1144 clamo·

290 1187 362 1244 tus,
390 1169 564 1237 detractor,
593 1162 777 1225 seditiosus.
825 1161 894 1224 Hic
921 1161 1167 1225 immoderatam
1197 1163 1313 1227 domini
1390 1229 1392 1244 ,

289 1253 373 1338 regis
402 1267 602 1334 cognoscens
632 1246 824 1322 avaritiam,
848 1247 966 1310 volens
994 1246 1101 1326 potius
1130 1247 1161 1311 ei
1193 1269 1312 1313 rnorem
1390 1295 1392 1306 ,

226 1339 229 1346 ’
312 1359 421 1414 erere,
443 1353 543 1418 quam
564 1333 753 1394 salutaribus
775 1351 854 1395 eum
875 1352 1012 1394 monere
1034 1321 1206 1416 consiliis,
1222 1335 1314 1396 consi:
1391 1369 1392 1414 ,

288 1361 371 1487 fiunt
392 1423 526 1486 dederat
548 1420 586 1481 ab
608 1413 717 1491 initio,
750 1431 786 1486 et,
805 1415 964 1481 obstinate
981 1416 1170 1496 seduloque
1193 1437 1310 1499 persua.
1391 1427 1392 1430 ’

231 1522 234 1535 ’
290 1505 403 1582 debat,
429 1521 467 1567 ut
489 1503 529 1564 ad
550 1504 615 1562 boc
636 1497 840 1580 potissimum
861 1501 952 1564 daret
979 1521 1128 1580 operam,
1159 1517 1309 1584 utreguo
1391 1563 1392 1568 ,

288 1590 507 1674 ln'praedicta
528 1585 704 1666 quantitate
726 1586 879 1660 multato,
908 1605 982 1646 cum
1005 1587 1170 1668 Calypho,
1200 1602 1233 1650 et
1254 1589 1309 1650 Sol·

288 1677 374 1741 tiano
406 1687 544 1739 tentaret
576 1677 792 1752 componere,
820 1688 925 1754 quam
958 1669 1084 1733 cahere
1115 1687 1150 1735 et
1181 1673 1321 1760 Babylo„
1385 1693 1392 1742 i

239 1760 242 1766 ’
286 1763 375 1826 niam
395 1759 559 1822 violenter
580 1757 771 1837 effringere:
803 1775 872 1817 non
894 1755 987 1834 quia,
1008 1769 1045 1816 ut
1066 1755 1198 1826 dicitur.
1222 1758 1319 1838 posse‘
1390 1753 1392 1830 ξ

284 1848 358 1910 ‘fieri
380 1847 575 1926 desperaret,
597 1841 656 1902 sed
678 1853 714 1901 ut
734 1839 831 1902 elusis
855 1841 1017 1915 mlllttbus,
1040 1855 1073 1903 et
1093 1841 1238 1915 caeteris,
1259 1843 1310 1921 qui
1391 1903 1392 1906 ,

277 1933 329 1995 'ad
351 1932 504 2014 praedam
526 1921 641 1986 minus
671 1940 703 1987 et
725 1923 850 1985 animos
872 1925 1093 1999 intenderant,
1123 1926 1308 1988 uuiversum

239 2091 243 2100 ι
287 2017 366 2079 tanti
387 2012 503 2076 laboris
526 2011 807 2082 emolumentum,
838 2007 873 2070 iu
901 2007 984 2090 regis
1011 2009 1126 2088 fiscum
1149 2011 1309 2074 videretur
1391 2047 1392 2052 κ

216 2111 217 2120 ’
285 2099 502 2166 introducere.
545 2094 746 2176 Expugnatis
764 2093 853 2156 enim
870 2092 1033 2160 violenter
1048 2095 1194 2170 urbibus,
1215 2097 1307 2178 longe

286 2185 452 2248 uberiores
480 2181 587 2244 solent
614 2179 773 2242 exercitus
796 2179 838 2242 de
861 2179 972 2258 spoliis
994 2193 1158 2260 reportare
1180 2181 1308 2255 fructus,
1390 2187 1392 2234 l

245 2282 247 2292 ⁴
285 2289 384 2364 quam
404 2267 463 2330 ubi
482 2265 611 2348 regibus
634 2279 667 2328 et
687 2261 886 2346 principibus
915 2265 975 2325 sub
1003 2265 1148 2344 quodam
1170 2265 1319 2334 foederis·
1389 2291 1392 2324 «ς

284 2370 390 2429 nexu,
417 2349 510 2417 certis
532 2347 788 2422 conditionibus,
816 2347 892 2430 ipsis
921 2361 1045 2430 tanturn
1068 2349 1210 2412 dominis
1234 2349 1309 2412 utili:
1390 2357 1392 2366 ²

282 2441 354 2512 bus,
378 2437 610 2525 mancipantur.
671 2434 724 2494 Ibi
748 2431 846 2507 enirn,
869 2433 983 2514 utpote
1003 2432 1038 2494 in
1060 2447 1149 2497 tanto
1171 2435 1310 2498 tumultu
1389 2457 1390 2460 ¹

282 2539 317 2590 et
338 2521 592 2606 depopulatione
612 2517 766 2591 confusa,
793 2519 883 2596 quod
905 2517 1023 2598 cuique
1044 2531 1246 2600 quocunque
1267 2542 1311 2582 ca·
1376 2590 1391 2600 ,ἵ

251 2633 256 2643 ·
281 2625 322 2673 su
343 2607 496 2696 occurrit,
514 2605 587 2688 jure
609 2603 687 2666 belli
708 2601 880 2683 occupanti
901 2600 1106 2677 conceditur,
1127 2605 1161 2666 ¹et
1182 2607 1309 2671 victoris
1386 2617 1391 2648 ’·

179 2717 181 2722 ·
281 2709 380 2778 auget
399 2692 596 2775 periculum:
627 2688 673 2750 ibi
700 2699 782 2750 vero
814 2687 890 2756 solis
910 2686 1040 2770 regibus
1062 2702 1237 2752 tractantur
1256 2691 1310 2756 uti·
1388 2701 1391 2720 ¹

181 2802 183 2808 ¹
279 2779 335 2853 lia,
357 2794 507 2856 ecquae,
529 2776 555 2836 si
577 2774 745 2846 accedunt,
765 2771 834 2834 fisci
851 2770 977 2852 juribus
998 2769 1214 2849 vindicantur.
1267 2777 1311 2838 Et

278 2863 356 2926 licet
376 2862 509 2942 regibup
529 2873 565 2921 et
583 2855 823 2919 sublimioribus
845 2846 1055 2936 potestatibus
1084 2859 1246 2922 accedens
1266 2859 1309 2922 in·
1389 2863 1391 2940 j

198 2955 199 2964 ’
278 2959 500 3024 crementum,
520 2943 555 3006 iu
577 2939 779 3004 subditorum
797 2939 947 3003 videatur
966 2941 1150 3017 redundare
1172 2937 1309 3020 divitias,
1389 2997 1390 3002 ,

214 3061 220 3108 se
278 3047 312 3096 ct
335 3023 705 3112 omniumopulentiarn
727 3021 910 3099 cumulare,
931 3039 1042 3090 tamen
1064 3025 1191 3100 avidius
1212 3049 1309 3114 quae·

276 3132 408 3191 runtur,
440 3109 717 3196 quae·lamiliares
739 3110 842 3172 ditant
861 3111 960 3184 lares,
993 3125 1026 3172 et
1047 3095 1233 3176 do'mesticls
1262 3114 1307 3176 in·
1388 3131 1391 3180 l

93 3211 118 3232 '¹'
148 3215 153 3225 ’
181 3253 182 3258 ,
275 3215 427 3266 seruntur
453 3199 641 3292 rationibus.
701 3189 766 3261 ffrs
793 3195 903 3276 itaque
932 3195 1192 3258 altercationibus
1221 3197 1309 3261 dissi.

277 3287 414 3350 debant:
448 3305 520 3366 pars
542 3279 700 3355 maxima,
731 3278 827 3362 diripi
849 3293 980 3356 cuncta,
1012 3293 1046 3342 et
1065 3281 1152 3342 ferro
1175 3281 1308 3347 decerni
1389 3307 1391 3318 “

201 3417 211 3451 .·
274 3373 422 3455 petebata
443 3389 502 3434 rex
523 3383 634 3431 autem
654 3359 816 3426 cnm‘suls
838 3380 962 3448 partem
982 3365 1236 3445 amplectebatur
1252 3389 1308 3450 op·
1389 3391 1391 3412 ⁵

174 3493 178 3502 =
274 3455 429 3540 positam:
450 3451 630 3536 praevaluit
651 3466 761 3513 tamen
781 3449 943 3512 sententia
964 3449 1122 3530 posterior
1143 3467 1177 3513 et
1196 3450 1306 3534 regiae
1389 3475 1391 3536 ς

274 3543 540 3624 satisfactunpest
560 3535 731 3600 voluntati.
770 3527 897 3595 Locatis
918 3532 1014 3615 igitur
1034 3533 1151 3597 nostris
1173 3534 1206 3598 iu
1230 3538 1305 3600 vico
1389 3537 1391 3564 '²

158 3616 162 3624 ’
212 3672 215 3679 ,
246 3613 539 3708 praenominato,
573 3622 630 3701 qui
658 3641 675 3682 a
703 3619 829 3694 Cahere
859 3617 1005 3698 quinque
1034 3634 1088 3681 aut
1119 3639 1178 3684 ser
1210 3621 1316 3684 distat·
1388 3653 1389 3656 ¹

273 3701 479 3784 miliaribus,
498 3727 588 3790 pene
609 3704 790 3776 continuus,
807 3717 840 3767 et
860 3707 918 3786 pro
941 3704 1100 3785 cujusque
1123 3705 1305 3770 erat'inter·
1388 3711 1390 3770 l

241 3777 260 3810 ”
272 3813 402 3876 pratum
424 3809 457 3858 et
477 3793 666 3854 nuntiorum
689 3787 859 3850 discursus.
892 3787 985 3850 Dum
1007 3787 1103 3872 igitur
1121 3789 1216 3876 quasi
1236 3791 1320 3854 suc-¹

272 3875 427 3943 cedentes
449 3876 509 3940 sibi
531 3879 572 3938 ad
592 3895 706 3958 regem
727 3872 834 3956 dirigit
853 3870 1051 3954 legationes,
1081 3887 1115 3936 et
1136 3893 1237 3956 quam
1258 3897 1306 3940 se·
1389 3943 1390 3950 χ

214 3995 215 4009 κ
272 3964 369 4026 dulus
390 3963 431 4058 sit
450 3961 486 4026 in
506 3959 688 4046 colligenda
703 3957 843 4042 pecunia
859 3957 1034 4040 significat,
1046 3972 1117 4021 orat
1131 3957 1240 4058 etiarn,
1259 3983 1306 4026 ne
1388 3957 1390 4004 3

445 4077 447 4084 “
1270 4061 1306 4110 et
1388 4057 1390 4068 ⁴
