2786 4852
155 375 165 418 l

84 567 246 644 redeat,
239 583 274 632 et
295 571 336 633 ad
357 567 467 634 matris
488 583 567 635 suae
589 567 762 653 gremium,
781 563 932 636 suumn
948 545 1131 634 dumetae·
1176 573 1180 581 “

86 669 136 718 tas
157 653 297 737 grutiosa
318 673 469 719 recurrat.
514 657 569 720 Sit
587 660 677 720 Deo
693 655 833 740 gloria¹
822 677 862 718 ιιι
887 655 1064 729 altissimis,
1096 667 1130 718 et
1220 703 1224 710 ,
1282 651 1289 674 “

85 737 122 802 ιιι
145 755 229 803 terra
251 761 326 821 pax
336 741 524 804 hominibus
548 746 656 805 bonae
678 743 866 815 vbluntatis.
904 744 949 805 Et
969 740 1047 820 quia
1066 757 1128 800 nos

25 824 30 841 ⁸
82 821 291 924 imperatoris
313 829 416 890 nostri
438 829 529 912 pium
552 827 710 904 animum,
722 843 766 891 et
787 828 964 910 benignam
987 822 1130 923 agnosci·
1223 905 1227 914 Ι
1304 889 1306 897 ,

84 929 162 972 mus
184 905 406 976 voluntatem:
428 919 507 977 eum
528 913 610 976 intra
632 930 762 991 nostras
783 909 1129 989 mansuetndinisbra
1192 913 1210 971 .'
1245 916 1252 954 -’

13 995 14 1004 ’
85 993 162 1077 chia
192 1010 357 1078 tamquam
391 997 592 1061 carissimum
623 985 728 1061 lilium
760 999 936 1082 benignius
968 993 1131 1093 amplecti·
1231 1055 1236 1064 ,

85 1101 180 1156 mur,
212 1097 259 1145 et
268 1097 332 1144 tam
356 1083 475 1164 ipsum,
506 1103 603 1164 quam
628 1093 784 1159 uxorem,
817 1100 850 1148 et
872 1085 944 1163 ejus
965 1078 1135 1145 ultumis:

85 1165 264 1230 catholicos
293 1167 456 1254 principes
486 1183 622 1250 paterno
651 1171 772 1234 affectu
793 1169 978 1256 recipimus,
998 1163 1127 1246 stipsi
1196 1175 1206 1187 “

10 1282 12 1306 ι
84 1251 250 1315 honorem
272 1255 419 1316 debitum
447 1255 641 1335 impendere
669 1274 899 1338 procuramus3
932 1255 1065 1327 Deum,
1093 1262 1129 1314 et
1230 1263 1253 1299 Ἀ

10 1343 12 1378 l
86 1338 253 1434 apostolos
281 1331 408 1401 nostros
437 1341 618 1402 affectuose
646 1357 814 1422 rogantes,
850 1353 886 1402 ut
914 1339 1002 1422 ipsos
1026 1337 1127 1402 eccle

85 1421 153 1485 siae
185 1436 267 1486 suae
299 1439 435 1488 servent
465 1424 667 1501 incolumes,
701 1441 734 1488 et
765 1444 824 1507 pet
851 1427 950 1506 longa
978 1438 1127 1526 tempora

64 1507 268 1570 custodiant
292 1509 494 1572 defensores
496 1514 574 1558 “-
599 1513 780 1590 Postquam
803 1527 897 1591 papa
908 1506 999 1589 loqui
1022 1506 1128 1581 desiit,
1190 1505 1193 1514 '

45 1593 265 1692 imperator
284 1593 435 1678 deposito
455 1595 583 1676 pallio,
605 1596 648 1658 de
670 1595 854 1658 faldistorio
870 1607 1023 1676 surgens,
1055 1611 1129 1654 coe·-

6 1651 9 1752 ,ξ
85 1677 134 1770 pit
155 1677 190 1738 in
212 1680 322 1760 lingua
344 1681 533 1743 Teutonica
553 1679 758 1756 corroionari,
790 1676 974 1744 Chrisliano
1003 1677 1126 1741 cantela
1175 1724 1178 1735 .

66 1749 165 1824 laiio
187 1767 288 1830 verba
310 1784 368 1826 sua
391 1765 567 1847 vulgariter
588 1772 788 1854 exponente
834 1763 894 1827 Ait
916 1766 1010 1846 argos
1031 1781 1125 1840 ,·,ma

24 1847 189 1932 jestati
209 1863 351 1932 nostrae
363 1851 436 1912 satis
458 1861 584 1932 gratum
605 1851 727 1916 residet
755 1865 791 1914 et
816 1863 1001 1932 acceptum,
1034 1847 1127 1930 quod
1171 1903 1177 1910 .
1225 1865 1270 1886 -ι

84 1933 181 1996 Deus
204 1935 426 2017 omnipotens,
447 1936 540 2016 qu‘us
559 1944 659 2000 ma'nu
667 1936 861 2022 principum
879 1936 978 1996 corda
996 1945 1126 1996 nactan-
1181 1963 1183 1967 ·

87 2029 152 2093 tur,
186 2019 279 2100 cujus
309 2020 437 2083 arbitiio
467 2039 610 2083 eorum
607 2015 803 2085 voluntates
837 2035 870 2085 et
896 2017 1033 2082 consilia
1055 2017 1126 2080 diri·

82 2112 247 2192 guntur,
253 2120 383 2169 nostrae
412 2105 631 2180 conscientiae
659 2107 832 2190 puritatem
860 2105 1131 2178 attendenmer
1200 2175 1202 2182 ,

82 2182 223 2252 diversis
255 2190 372 2252 mundi
407 2191 549 2271 partibus
582 2192 672 2253 viros
709 2192 867 2292 providos
901 2205 934 2254 et
967 2190 1124 2254 discretos

1 2281 3 2356 J
85 2274 163 2337 huic
185 2274 292 2338 curiae
315 2276 424 2338 voluit
442 2276 618 2350 interesse,
650 2291 687 2340 ut
714 2275 775 2360 ipsi
798 2297 944 2340 errorem
964 2289 1125 2349 nostrum,

1 2363 11 2406 ἒ·
86 2375 119 2423 et
141 2362 394 2424 conversionem
425 2362 521 2422 nobis
550 2362 766 2428 referentibus
796 2351 966 2426 minifeste
990 2372 1125 2442 cognos
1145 2367 1168 2426 ,’

1 2449 9 2506 ι
84 2459 214 2519 'cerent3
237 2445 371 2510 dehinc
381 2448 420 2508 ad
441 2447 574 2530 propria
594 2449 787 2519 redeuntes,
810 2441 942 2528 publice
965 2444 1127 2526 praedicat

1 2551 2 2572 ³
85 2539 171 2595 rent.
204 2531 352 2594 Totus
344 2531 446 2614 agitur
462 2533 605 2594 mundus
628 2533 802 2596 evidenter
822 2543 991 2614 agnoscat,
1023 2531 1133 2610 quod,-

83 2615 162 2680 licet
181 2637 243 2678 nos
267 2608 441 2679 Romani
416 2618 559 2698 imperii
582 2617 737 2700 dignitate
755 2633 786 2682 et
804 2617 905 2700 gloria
928 2616 1124 2698 fulgeamus,

85 2715 197 2765 tamen
220 2723 237 2762 a
259 2702 354 2764 nobis
371 2703 541 2766 humanae
564 2703 760 2767 conditionis
782 2703 962 2786 proprium,
985 2701 1123 2800 dignitas
1216 2765 1218 2773 J

87 2788 241 2855 Romana
262 2809 332 2849 non
355 2789 499 2862 abstulit,
526 2806 591 2851 nec
611 2789 822 2872 ignorantiae
836 2787 952 2852 vitium
975 2787 1125 2884 majestat
1201 2803 1204 2810 ’

1 2874 2 2903 ³
84 2871 260 2954 imperialis
283 2873 429 2943 exclusit.
482 2873 570 2935 Nam
592 2877 808 2974 suggestione·
823 2893 1000 2956 pravorum
1023 2869 1126 2934 homi
1175 2914 1178 2919 -

83 2977 166 3020 num
189 2957 391 3058 ignorantiae
412 2953 554 3021 fuimus
558 2959 701 3023 tenebris
722 2960 873 3034 involuti,
901 2974 934 3022 et
955 2975 1015 3056 per
1036 2957 1125 3026 viartt
1169 2971 1172 2986 ·

84 3043 227 3107 veritatis
250 3045 420 3108 credentes
442 3045 614 3120 ιιιιειιιιιι,ι
631 3059 718 3108 extra
745 3045 887 3124 iustitiae
909 3045 1040 3120 semitas
1054 3057 1124 3105 nos

4 3177 5 3184 ι
83 3128 286 3193 invenimus.
320 3129 418 3192 Ecce
442 3128 530 3194 enirn
552 3129 620 3192 Dei
642 3131 829 3204 ecclesiam,
852 3151 952 3210 quarn
974 3129 1125 3194 credeba

83 3227 159 3276 mus
185 3212 427 3288 defendere,'
418 3214 701 3296 impugnavimus,
733 3231 765 3277 et
793 3235 891 3300 quam
914 3217 1125 3310 sperabamus
1195 3225 1198 3229 ’
1225 3280 1228 3286 ,

1 3303 3 3367 ζ
84 3300 262 3375 extollere,
290 3321 378 3382 pene
401 3300 630 3361 destruximus.
673 3299 856 3367 Occasione
879 3313 988 3362 nostra
1011 3294 1125 3358 Domi·
1227 3302 1229 3306 '

84 3385 121 3447 ni
142 3386 243 3448 nostri
263 3387 344 3448 Jesu
367 3381 490 3447 Christi
513 3384 618 3447 tunica
641 3382 842 3449 inconsutilis
865 3399 914 3450 est
935 3385 1059 3458 divisa3
1092 3393 1126 3446 et
1214 3439 1217 3452 ,
1303 3444 1305 3458 ‚

23 3495 31 3510 ι
85 3470 300 3550 quantumin
324 3469 419 3532 nobis
441 3469 519 3543 fuit,
541 3487 601 3550 per
622 3470 788 3548 haereses,
812 3485 845 3533 et
854 3465 1036 3533 schismata
1057 3467 1125 3530 vio

81 3557 159 3622 lata.
194 3555 357 3638 Decepit
382 3574 445 3618 nos
474 3573 590 3619 causae
618 3557 788 3630 meritum,
822 3571 856 3619 et
883 3557 974 3618 color
1000 3551 1125 3653 negotii
1210 3615 1213 3624 ,

84 3642 302 3736 perturbavit,
337 3641 422 3721 quia
441 3639 558 3703 dum
548 3658 584 3702 ιιι
611 3642 696 3703 facto
719 3640 876 3706 ecclesiae
897 3645 1007 3740 pptius
1029 3639 1126 3703 virtu

55 3776 58 3780 .
85 3744 154 3790 tem
178 3728 353 3827 potentiae,
375 3745 475 3806 quam
496 3725 656 3790 rationem
674 3725 827 3808 J'ustitiae‚
848 3725 1015 3790 voluimus
1036 3743 1126 3787 exer·
1216 3793 1223 3800 ⁴

84 3831 173 3890 cere,
195 3818 343 3890 constat,
353 3829 413 3874 nos
435 3807 470 3872 in
492 3829 637 3876 errorem
659 3811 775 3874 merito
792 3811 977 3878 devenisse
999 3807 1130 3886 iustitis
1177 3845 1180 3854 =
1208 3816 1231 3830 ⁴·

84 3899 177 3961 'enim
199 3897 404 3982 tyrannidem
425 3897 562 3979 respuit,
595 3895 740 3976 aequitas
763 3896 954 3962 violentiam
981 3917 1050 3959 non
1074 3881 1126 3956 ad·

85 3984 192 4048 mittit.
225 3983 343 4065 Sisque
364 3983 486 4050 factum
508 3997 568 4060 est,-
590 3981 693 4066 quod
694 3981 769 4062 ille,
784 3983 847 4064 qui
868 3981 1007 4047 humilia
1026 3979 1126 4078 respi-
1214 3998 1217 4010 ¹

1075 4064 1128 4152 cit,
