2786 4852
155 512 160 516 ,
253 439 336 526 sas
435 399 441 413 ’

257 603 380 712 justitia
405 639 486 688 non
503 631 553 684 est
578 616 679 682 unius
705 611 866 692 hominis,
906 617 979 680 sed,
998 617 1192 698 multorum,
1224 637 1304 686 non

156 759 181 778 .,
258 709 358 772 unius
380 701 530 787 civitatis,
560 705 619 768 sed
640 702 797 787 plurium:
832 698 1206 772 secundum'causarum
1229 723 1305 766 me·

258 788 487 858 rita-inducias
508 790 729 872 postulamus,
750 801 787 851 ut
808 787 1024 852 deliberantes
1047 785 1175 869 plenius
1196 808 1305 869 super
1383 826 1387 842 ·

259 879 321 953 his,
344 895 429 958 quae
449 875 548 938 nobis
571 875 698 958 objecta
719 873 849 948 fuerim,
871 873 1072 954 competenti
1093 873 1167 936 loco
1185 885 1219 936 et
1237 888 1319 938 ter·.

259 963 363 1036 mino,
393 961 481 1042 apud
503 978 716 1028 communem
735 958 883 1039 judicem
902 957 1089 1038 responsuri
1111 956 1304 1022 veniamus.

260 1048 363 1146 Quod
384 1061 495 1109 autem
517 1041 624 1108 dixisti
645 1043 732 1125 apud
752 1043 945 1106 Roncaliam
968 1063 986 1104 a
1007 1041 1227 1106 Boniensibus
1247 1043 1303 1124 ju·
1391 1103 1392 1106 ,

261 1131 387 1193 ducibus
405 1143 527 1212 contra
553 1149 614 1191 nos
642 1127 837 1192 sententiam
864 1127 965 1191 fuisse
986 1128 1162 1210 prolatam:
1196 1127 1302 1209 plane

258 1213 461 1290 inficiamur,
494 1235 568 1280 eam
590 1235 659 1276 non
680 1209 1023 1288 fuissesententiam,
1045 1215 1105 1276 sed
1126 1213 1304 1294 imperato-

259 1303 340 1366 riam
359 1300 553 1383 jussionem.
597 1300 641 1362 Et
670 1298 759 1362 enim
788 1319 891 1384 quum
921 1299 1029 1378 piures
1052 1319 1094 1362 ex
1115 1297 1303 1362 nobisnec

258 1408 320 1470 per
351 1381 588 1448 contumaciam
620 1381 795 1448 fuissemus
831 1385 998 1473 absentes,
1034 1379 1189 1464 quicquid
1217 1397 1304 1471 tunc

260 1485 455 1534 contrarios
476 1467 598 1530 dictum
620 1469 697 1544 fuit,
728 1467 824 1530 nobis
849 1488 971 1533 nocere
992 1489 1062 1530 non
1084 1469 1197 1546 debet,
1230 1488 1329 1532 nec·
1387 1513 1392 1518 -

201 1595 204 1602 ,
259 1549 319 1637 pro
342 1551 502 1620 sententia
522 1553 681 1634 reputari;
702 1555 884 1618 secundum
907 1554 997 1637 leges
1020 1552 1109 1620 enirn
1131 1551 1167 1616 in
1184 1555 1301 1618 absen-

259 1661 307 1703 tes
320 1640 441 1722 prolata
452 1639 621 1713 sententia,
633 1639 754 1702 nullius
766 1639 949 1702 estroboris
963 1639 1017 1702 vel
1029 1639 1159 1700 valoris.
1192 1637 1301 1725 Quod

66 1773 75 1781 .
173 1771 178 1774 -
260 1747 340 1787 vero
370 1723 554 1806 postulasti,
576 1740 612 1785 ut
640 1745 679 1787 ea
706 1722 891 1805 imperatori
920 1723 1058 1786 reddere
1087 1725 1299 1796 deberemus,

203 1845 208 1870 t
259 1823 343 1890 quae
367 1807 488 1876 seniori
508 1807 657 1872 Henrioo
681 1830 699 1886 a
719 1810 838 1870 nostris
854 1805 1124 1872 -antecessoribus
1152 1823 1306 1872 samso.

258 1896 341 1957 luta:
364 1893 619 1974 respondemus,
642 1895 734 1974 quod
754 1893 991 1976 praenominati
1012 1891 1212 1976 imperatoris
1233 1892 1310 1984 dis-⁶
1336 1943 1341 1952 .
1391 1937 1392 1944 ,

259 1979 439 2061 positiones
462 1975 580 2060 pariter
600 1993 633 2064 et
662 1993 787 2056 statuta,
815 1994 948 2059 propter
969 1977 1194 2064 antiquitatem
1216 1993 1298 2040 tem·

258 2065 345 2146 poris
365 2063 432 2144 jam
455 2084 542 2146 pene
565 2062 737 2142 perdidere
760 2063 968 2136 memoriam,
989 2085 1054 2126 nec
1075 2061 1158 2126 vivit
1180 2061 1296 2143 aliquis

257 2165 406 2213 nostrum
429 2149 484 2210 vel
506 2161 669 2222 vestrum,
703 2147 761 2236 qui
782 2149 869 2212 bene
899 2145 999 2229 possit
1026 2149 1113 2211 illios
1137 2147 1295 2230 temporis

39 2258 43 2276 ·
126 2285 128 2292 .
203 2263 210 2279 ·
259 2233 340 2317 dicta
376 2233 433 2296 vel
465 2233 548 2295 facta
579 2233 736 2320 recolere.
799 2237 886 2298 Item
921 2233 1095 2312 imperator
1125 2233 1295 2298 Henricus
1386 2226 1389 2238 ’

228 2390 229 2400 ¹
258 2320 365 2394 (salva
387 2317 572 2380 auctoritate
595 2317 740 2400 imperii)
767 2340 837 2380 non
859 2321 958 2381 debet
980 2317 1143 2394 dominus,
1168 2321 1227 2383 sed
1250 2335 1297 2400 ty·

257 2423 378 2468 rannus
394 2403 516 2464 vocari.
546 2404 660 2548 §guum
678 2403 771 2472 enim,
786 2403 925 2466 misisset
942 2415 1077 2466 manum
1094 2404 1128 2466 in
1146 2420 1297 2468 sanctum
1381 2408 1385 2424 '

206 2531 209 2536 -
244 2486 396 2563 domini,
417 2502 451 2550 et
472 2489 553 2550 Pasc
580 2487 664 2550 alem
685 2483 805 2572 papam
826 2509 925 2570 super
953 2491 1052 2557 altare
1073 2490 1228 2572 cepisset,
1260 2501 1297 2552 et

258 2593 361 2662 qpum
391 2573 508 2642 multas
535 2572 688 2636 ecclesias
716 2575 944 2653 destruxisset,
978 2589 1013 2640 et
1038 2573 1211 2658 episcopos
1240 2595 1296 2638 ex·

211 2685 212 2690 ¹
257 2672 436 2722 caecasset:
472 2657 542 2737 ejus
564 2657 645 2719 facta
668 2659 760 2722 velut
789 2660 949 2739 crudelia,
981 2673 1016 2724 et
1037 2659 1203 2742 tyrannica
1222 2679 1296 2720 non

258 2761 333 2810 sunt
355 2739 513 2806 trahenda
535 2743 576 2802 ad
598 2743 867 2822 consequentiam
890 2747 946 2809 vel
968 2746 1008 2808 ad
1030 2745 1226 2830 memoriam
1245 2766 1298 2814 re·
1370 2795 1374 2804 .

255 2827 415 2888 vocanda.
460 2827 524 2889 Sed
553 2825 579 2888 si
606 2826 793 2910 imperatori
820 2829 1062 2911 placuerit„ea
1091 2851 1178 2910 quae
1204 2843 1294 2892 ante·
1341 2840 1351 2849 ’

257 2929 401 2974 cessores
422 2911 523 2979 nostri
539 2909 662 2990 juniori
684 2911 850 2988 Henrico,
882 2915 1047 2990 Conrado,
1068 2931 1102 2980 et
1121 2914 1296 2992 lauthario,
1386 2909 1391 2980 i

255 2994 337 3060 etei
354 3011 460 3076 usque
482 2995 523 3058 ad
545 2995 626 3058 haec
647 2997 795 3078 'tempora
816 2999 1037 3076 reddiderunt,
1056 3000 1219 3084 recipere:
1240 3021 1295 3080 pa·
1388 3019 1390 3076 ξ

227 3091 232 3106 “
255 3079 313 3141 rati
335 3075 448 3144 sumus
469 3078 505 3144 in
526 3099 606 3162 pace
628 3083 829 3162 persolvere.
880 3085 982 3172 Quod
1008 3087 1036 3147 si
1064 3085 1131 3148 hoc
1157 3087 1296 3168 impera:
1388 3153 1389 3156 ,

237 3161 317 3229 'edri
339 3186 437 3248 grave
461 3164 591 3244 residet·
604 3183 637 3230 et
658 3167 805 3254 videtur:
827 3189 943 3250 pacem
965 3191 1049 3250 quae
1070 3169 1295 3256 internecet
1388 3221 1390 3234 .

256 3267 334 3312 eum
357 3271 417 3332 per
438 3253 679 3340 Cremonenses
702 3268 831 3316 tractata
851 3255 929 3329 fuit,
962 3270 995 3318 et
1016 3255 1051 3322 in
1073 3255 1196 3338 scriptis
1223 3255 1318 3336 redf.

257 3351 342 3410 acta,
377 3335 693 3401 volumus-firmiter
720 3342 906 3405 observare.
951 3341 1048 3427 Quae
1077 3363 1118 3404 eo
1141 3358 1294 3422 tempore
1388 3359 1389 3364 ’

122 3481 126 3488 ,
225 3475 230 3488 ,
257 3421 420 3504 completa
441 3419 571 3494 fuisset,
603 3422 664 3484 nisi
694 3423 771 3508 quia
798 3423 974 3506 imperator
1002 3427 1135 3488 volebat
1161 3447 1222 3488 nos
1251 3428 1293 3486 ab

177 3519 183 3528 ’
257 3506 417 3569 ecciesiae
445 3505 567 3569 onitate
589 3508 755 3582 recedere,
785 3525 819 3572 et
840 3509 1020 3574 Alexandri
1040 3533 1147 3592 papae
1166 3511 1295 3593 pontifi·
1387 3517 1388 3554 ³

256 3589 344 3652 cium
366 3591 541 3688 denegare.
584 3593 763 3658 Pro‘videat
790 3615 868 3682 ergo
898 3615 996 3676 super
1017 3595 1081 3658 hoc
1102 3613 1210 3660 vestra
1234 3595 1294 3658 dis·
1386 3615 1388 3662 t

256 3675 385 3755 creti0,
408 3695 434 3735 sr
458 3695 533 3754 qura
561 3675 723 3740 schismati
752 3679 935 3743 consentire
958 3681 1143 3756 noluimus,
1176 3683 1295 3746 debea·
1386 3725 1388 3750 r

162 3817 164 3824 ,
254 3779 328 3822 mus
350 3775 480 3822 nostrae
502 3761 588 3840 pacis
609 3762 833 3828 conditionem
855 3764 1050 3830 deteriorem
1072 3765 1295 3832 efficere.“-··

97 3853 100 3860 '
170 3892 175 3900 .
235 3847 370 3930 *Quum
392 3860 502 3908 autem
524 3843 678 3926 scriptura
700 3849 742 3912 de
764 3864 898 3919 tractatu
920 3841 1005 3931 pacis
1027 3850 1152 3925 habita,
1179 3860 1212 3914 et
1235 3873 1295 3932 per
1377 3866 1382 3879 '

255 3931 496 3994 Cremonenses
508 3924 704 3996 Lombardis
725 3933 793 3996 aliis
814 3936 984 4018 denegata,
1005 3939 1161 4018 perducta
1179 3936 1296 4000 fnisset

255 4013 290 4077 iu
312 4015 486 4092 medium
501 4033 682 4098 coeperunt
702 4017 879 4087 Teutonici
901 4021 1094 4102 quibusdam
1116 4019 1293 4118 scripturae

1211 4128 1294 4188 capi·
