2838 4854
86 651 226 730 tatoque
241 615 884 730 abHispat'ti'aGimatlto'vandalotum
894 649 1003 734 Rege,
1019 643 1076 734 q'ul
1089 634 1134 718 ln'.
1203 651 1222 716 ᾗ
1275 639 1300 726 ᾗ
1400 686 1406 697 .

86 735 264 800 terfecerat
292 730 543 814 Ermengarium
573 733 717 816 Regem·
736 735 942 812 suevorum,
981 737 1135 820 injuriam
1173 751 1175 754 ’

87 833 220 884 sanctae
233 815 431 882 Eulalraein
446 817 577 890 eodem,
592 817 636 878 'ac
651 817 677 880 si
690 817 819 893 nolens,
842 818 1015 884 ulciscitur.
1045 819 1134 887 Con·

10 901 15 980 ζ
87 907 244 969 sederant
265 903 356 965 enim
367 899 513 971 Vandali
527 901 562 962 in
575 899 901 984 BaeticaHispaniae
913 906 1060 986 regione,
1083 929 1137 970 an.

88 991 136 1054 nis
150 1003 202 1070 54.
249 988 345 1050 Hinc
364 1001 531 1050 transeunt
551 985 586 1048 in
604 987 787 1069 Aphn'cam
808 989 1147 1070 cumomni'lamilis's
1182 999 1191 1026 ⁸

47 1139 50 1142 ,
91 1075 207 1139 Alanis
231 1092 347 1136 secum
362 1071 483 1155 junctis
504 1085 538 1135 et
559 1071 675 1136 Gothis
683 1084 698 1146 ;'
727 1072 842 1134 omnia
859 1073 963 1149 ferro,
991 1077 1135 1153 flamma,

31 1207 34 1212 .
96 1157 207 1240 rapinis
224 1157 342 1232 simul,
365 1174 398 1222 et
416 1155 557 1220 Amana
576 1155 745 1239 impietate
764 1156 994 1223 foedaverunt.
1037 1163 1144 1224 Tunc*
1223 1237 1227 1244 .

36 1305 39 1316 ,
69 1283 71 1287 -
99 1247 201 1307 beatus
226 1243 449 1326 Augustinus,
468 1241 697 1322 Hipponensis
721 1241 905 1328 Episcopus
929 1259 963 1306 et
983 1245 1143 1321 omnium',

97 1327 445 1410 doctorEcclesiarum,
456 1339 502 1390 ne-
514 1325 650 1389 civitatis
663 1345 741 1392 suae
754 1327 883 1390 ruinam
896 1327 1033 1404 videret,
1048 1347 1067 1408 3
1080 1334 1137 1394 ob·

38 1470 44 1488 ,
94 1413 228 1480 sidionis
250 1412 323 1493 ejus
344 1431 461 1476 mense
479 1411 630 1494 migravit
648 1413 690 1474 ad
706 1410 881 1480 dominum
898 1425 929 1494 5.
951 1411 1024 1477 Cal.
1047 1417 1138 1499 Seps·

94 1519 166 1560 cum
180 1497 312 1560 vinissit
328 1494 420 1560 annis
434 1498 485 1580 76.
528 1499 609 1584 Quo
630 1513 779 1580 tempore
792 1497 939 1562 Vandali
953 1513 1045 1587 capta
1058 1497 1135 1563 Car-

94 1583 247 1666 tbagine,
276 1580 416 1646 Siciliam
436 1601 571 1664 quoque
596 1581 803 1649 deleverunt.
861 1581 926 1646 His
948 1584 984 1646 in
1007 1585 1138 1665 diebus,

49 1694 53 1701 ·
91 1665 214 1732 Aetius
235 1665 320 1741 dux,
349 1667 518 1747 utriusque
533 1665 835 1751 miliciasPatricius
850 1669 1048 1749 appellatum
1077 1671 1138 1751 qui

93 1751 350 1838 Burgundiones
380 1767 492 1816 contra
515 1750 686 1817 Romanos
716 1751 912 1816 rebellantes
937 1755 1162 1835 perdomuit,·¹
1245 1766 1248 1772 '

94 1859 186 1901 caesa
200 1855 244 1900 20
255 1825 649 1920 milliaBurgundionum,
661 1835 848 1902 Gothorum
862 1838 1077 1903 veto-auxilia
1089 1841 1139 1908 eis

10 1991 14 2000 ,
93 1921 323 2005 praebentium
337 1939 356 2004 9
371 1923 481 1991 millia
732 1921 763 1951 ⁸⁴

1 2161 2 2178 χ
181 2087 225 2154 C.
259 2091 337 2178 Qua
354 2081 698 2173 tempestateBritoni,
716 2083 888 2158 Scotomm
901 2081 1147 2180 Pictorumque*
1197 2149 1209 2168 ,

1 2180 2 2244 3
94 2175 341 2240 infestationem
358 2197 428 2240 non
444 2178 597 2252 ferentes,
611 2179 756 2240 Romam
773 2178 920 2254 mittunt,
945 2197 978 2250 et
996 2182 1046 2244 sui
1065 2205 1079 2246 s

92 2261 239 2344 jectione
253 2261 427 2342 promissa,
456 2265 569 2325 contra
587 2262 717 2324 hostem
735 2263 854 2327 auxilia
867 2263 1020 2348 flagitant.
1060 2269 1115 2356 Qu
1127 2307 1140 2322 .

94 2351 156 2410 bus
177 2345 286 2410 statim
308 2345 405 2408 missa
423 2345 527 2434 legio,
555 2367 706 2430 magnam
727 2348 945 2412 Barbarorum
963 2349 1141 2418 multitudi·

94 2451 185 2515 nem
197 2429 323 2507 sternit,
344 2445 489 2496 caeteros
501 2430 688 2498 Britanniae
702 2429 822 2493 finibus
839 2431 940 2513 pellit.
984 2435 1082 2498 Haec
1095 2437 1141 2500 le·

94 2517 150 2602 gio
179 2516 321 2578 domum
346 2535 533 2592 reversura,
570 2516 747 2598 praecepit
765 2513 877 2592 sociis,
914 2519 957 2581 ad
979 2515 1157 2604 arcendos¹

3 2647 5 2652 ,
94 2601 209 2666 hostes
232 2621 364 2662 murum
384 2617 469 2664 nans
487 2603 638 2665 Insulam
664 2599 837 2664 interduo
857 2601 959 2666 maria
981 2617 1141 2682 statueres

4 2717 19 2746 .—
96 2687 153 2768 qui
168 2690 296 2766 absque
310 2685 430 2750 artifice
444 2701 477 2749 et
490 2686 652 2768 magistro,
666 2683 768 2769 magis
782 2684 904 2770 cespite
918 2706 1017 2771 quam
1031 2689 1143 2771 lap‘ide

96 2775 212 2847 fastus,
236 2771 283 2832 nil
296 2771 505 2853 operantibus
523 2771 654 2852 profuit.
697 2772 786 2834 Nam
809 2787 888 2833 mox
907 2787 944 2835 ut
962 2773 1143 2841 discessere
1169 2796 1175 2835 :

73 2897 76 2905 ·
98 2855 264 2932 Romani,
293 2857 450 2920 advectus
467 2855 607 2919 navibus
628 2851 855 2938 priorh'ostis,
877 2855 1148 2938 quasimatutam

98 2957 261 3026 segetem,
283 2939 385 3004 obvia
399 2959 551 3022 quaeque
565 2939 703 3022 subjicit,
724 2939 839 3015 caedit,
862 2943 971 3018 calcat,
993 2943 1146 3010 devorat.

98 3023 230 3092 Iterum
244 3025 376 3108 petituri
390 3025 517 3102 auxilia,
531 3029 674 3088 Romam
688 3025 851 3090 advolant.
875 3027 951 3116 Qua
963 3023 1145 3112 impetrata,

8 3125 13 3144 “
102 3132 239 3178 caesum
252 3110 384 3176 hostem
398 3125 483 3174 trans
498 3109 598 3176 maria
610 3111 734 3193 fugant,
749 3109 998 3196 conjunctisque
1010 3113 1070 3175 sibi
1078 3107 1146 3180 Bri·

99 3197 226 3271 tannis,
247 3215 380 3257 murum
399 3215 469 3258 non
489 3211 572 3260 terra
593 3209 628 3258 ut
641 3209 724 3258 'ante
745 3188 960 3278 pulvereum,
993 3199 1053 3260 sed
1066 3217 1145 3282 saxo

10 3319 12 3330 ν
100 3281 265 3355 solidum,
290 3279 377 3346 inter
395 3281 540 3344 civitates
560 3296 646 3362 quae
670 3279 793 3342 ibidem
814 3283 986 3344 obmetum
1000 3281 1147 3348 hostium

10 3371 13 3436 ζ
100 3367 239 3432 suerum
252 3365 367 3442 factae,
391 3363 502 3428 amari
517 3365 677 3446 usquead
693 3365 980 3446 marecollocant„
1026 3414 1029 3422 .
1104 3369 1107 3378 '

11 3445 15 3455 '
188 3451 257 3516 Sed
270 3466 303 3515 et
318 3449 352 3512 in
364 3450 471 3516 littore
484 3449 665 3514 meridiano
678 3449 791 3523 maris,
811 3449 890 3530 quia
903 3463 937 3515 et
951 3445 1031 3514 inde
1043 3448 1164 3515 hostis'

102 3535 290 3611 timebatur,
312 3549 415 3600 turres
430 3522 732 3616 perintemlla'ad
751 3532 961 3618 prospectum
974 3534 1157 3614 maritata-⁸
1202 3580 1204 3592 .
1257 3515 1260 3556 ³
1314 3535 1325 3542 ’

13 3645 16 3676 l
104 3637 211 3686 munt.
264 3619 317 3682 Sic
336 3619 525 3685 valedicunt
544 3617 656 3694 sociis,
677 3633 831 3699 tanquam
851 3621 934 3682 ultra
952 3639 1021 3682 non
1039 3641 1149 3685 rever-

18 3718 22 3729 ·
104 3701 182 3770 suri.
224 3707 327 3769 Tunc
346 3705 503 3786 equidem
522 3703 563 3774 ad
584 3706 708 3780 Scotos,
729 3704 764 3768 in
779 3699 946 3776 Christum
963 3705 1150 3784 credentem
1257 3749 1258 3756 κ

106 3793 277 3856 ordinatus
291 3793 408 3874 aPapa
416 3786 614 3876 Caelestino,
628 3789 866 3872 Palladaeusl.
883 3789 1065 3872 Episcopus
1081 3789 1151 3854 mit·

106 3877 192 3940 titur.
248 3875 357 3960 Igitur
381 3876 558 3941 recedente
584 3873 788 3938 'aBritantiia
809 3875 964 3937 Romano
993 3877 1150 3952 exercitu,

106 3962 172 4025 boc
185 3967 429 4044 cognoscentes
441 3958 528 4024 Scotl
543 3973 576 4024 et
587 3957 681 4038 Picti,
702 3973 926 4036 revertuntur,
945 3973 981 4038 ¹et
994 3975 1095 4024 totam
1109 3965 1151 4026 ab
1201 3961 1211 3976 '
1318 4009 1319 4016 ,

107 4047 267 4149 aquilone¹
294 4047 448 4130 insulem
471 4065 533 4129 pro
551 4040 720 4195 indigem:
748 4039 942 4116 murotenus
967 4043 1176 4196 capessluqni..

228 4160 235 4180 ‘
256 4143 263 4150 ¹
420 4167 422 4172 ·
730 4149 755 4196 ²
1114 4152 1154 4197 es
