2824 4854
264 481 347 570 ato
445 502 502 569 Λ

213 707 218 726 ι
265 669 371 734 vitans
390 666 665 736 enim-terrenam
684 663 884 742 ιιὶιιιιιιιιιιι,
907 664 946 729 iri
968 665 1126 732 vastitate
1136 667 1234 739 maiis
1257 669 1302 730 fo·
1397 747 1411 752 Γ

265 775 363 820 veam
389 754 529 837 reperit,
555 754 613 816 ubi
641 755 743 816 cadat.
788 753 958 816 Iohannes
985 753 1095 833 itaque
1118 753 1301 834 praediatus
1410 757 1411 760 ’

224 853 250 910 ἢ
265 843 312 904 ad
324 854 446 907 terram
466 839 630 915 rediens,
639 861 729 922 nova
756 837 847 901 sicut
865 851 1009 900 venator
1023 841 1152 920 gaudet
1169 837 1303 914 laetitia,

265 941 358 1022 capta
384 927 519 1023 praeda,
547 932 696 1007 sperans,
725 924 797 986 sive
820 923 932 986 tendat
953 924 994 984 ad
1016 924 1200 998 dexteram,
1228 923 1303 989 sive

213 1007 237 1032 ἰ
265 1013 307 1072 ad
335 1009 504 1072 sinistram
524 1009 684 1085 declinet,
718 1007 913 1072 affectatis
903 1027 940 1068 ιιι
972 1027 1108 1072 omnem
1140 1023 1303 1072 eventum

190 1113 193 1120 ·
263 1093 385 1176 ‘repleri
413 1094 615 1193 muneribus,
647 1107 681 1158 et
711 1093 816 1176 pretio
849 1081 1028 1174 prbptereat
1043 1113 1163 1176 magno
1186 1093 1304 1170 dotari,
1353 1097 1358 1176 ',

207 1201 210 1206 ·
263 1181 344 1247 sive
368 1179 438 1263 regi
468 1180 618 1264 placitam
650 1193 683 1244 et
715 1177 925 1261 perquisitam
957 1179 1038 1241 velit
1069 1181 1234 1260 praedam
1258 1198 1303 1240 as-
1322 1220 1324 1228 ·
1377 1189 1379 1194 ’

176 1311 178 1321 .
264 1265 409 1350 signare,
443 1287 542 1345 quam
570 1277 717 1345 ceperat,
749 1283 809 1326 seu
841 1281 920 1326 suae
951 1262 1121 1328 restituere
1151 1263 1302 1326 libertati.

163 1392 170 1400 ›
262 1335 396 1414 Verum
410 1354 583 1415 .Robertus
606 1352 647 1412 de
668 1349 830 1423 Lavena,
840 1345 1026 1430 capitaneus
1046 1351 1214 1430 galearum
1225 1351 1313 1410 Pro·.

263 1433 472 1510 vincialium,
494 1451 580 1514 quae
602 1434 725 1515 pridie,
747 1431 832 1496 sicut
852 1431 931 1531 vidi,
960 1448 993 1496 et
1010 1435 1200 1495 duraturum
1218 1433 1304 1497 testi

263 1519 414 1582 monium
443 1521 576 1602 profero
603 1518 822 1600 perloquendi
849 1518 986 1584 veritate
1000 1535 1136 1596 suasus,
1160 1517 1305 1580 satiavi·

265 1604 367 1668 riliter
388 1607 548 1685 fugerant,
570 1603 730 1683 quoniam
752 1604 958 1668 adeundam
979 1603 1164 1668 Robertum
1185 1602 1305 1684 captio·

261 1709 352 1764 nem,
382 1688 575 1771 hujusmodi
603 1710 713 1752 novae
735 1689 876 1768 praedae
897 1690 985 1749 fama
1005 1687 1224 1768 perduxerat,
1250 1691 1315 1750 co.¹

150 1821 153 1828 ι
261 1773 357 1838 mites
379 1777 545 1857 galearum
566 1787 738 1855 totumque
759 1774 892 1836 stolium
914 1772 1001 1854 cogit
1023 1773 1064 1834 ad
1085 1787 1221 1847 terram,
1242 1793 1303 1836 vo-

261 1861 335 1922 leus
362 1861 566 1940 saltemtper
593 1858 679 1932 vim,
712 1859 740 1920 si
768 1857 891 1932 valeat,
925 1861 965 1920 ab
996 1859 1118 1922 eodem
1145 1858 1302 1922 Johaune

119 1963 121 1972 ’
160 1992 162 2000 ,
262 1943 479 2019 subducere,
499 1957 532 2006 et
564 1952 760 2022 extorquere
795 1957 982 2024 conceptos.
1026 1943 1105 2024 Ipse
1127 1945 1220 2006 ⁴v'ero
1248 1945 1302 2007 Jo-

261 2029 399 2117 bannm,
430 2027 487 2109 qui
516 2049 579 2092 nec
602 2025 755 2102 liberare,
783 2029 996 2106 necttradere
1018 2027 1173 2110 praedam
1195 2025 1302 2110 dispo

209 2147 212 2152 ·
261 2127 401 2188 suerat,
406 2113 471 2175 nisi
491 2133 610 2193 magna
631 2113 720 2192 prius
740 2114 827 2176 foret
847 2091 1001 2175 inaroede
1024 2113 1168 2186 dotatus,
1190 2115 1304 2175 Corra·

256 2196 395 2275 diuum,
428 2211 461 2262 et
482 2197 559 2262 alias
580 2195 772 2295 illaqueatos
795 2195 899 2260 taliter
921 2198 961 2257 'ab
984 2198 1121 2272 eodem,
1153 2211 1190 2259 ut
1211 2189 1303 2261 exlri

177 2319 184 2328 ,
259 2283 341 2346 bere¹
379 2283 536 2362 praedam
574 2279 765 2378 hujusmodi
798 2282 884 2344 dioto
917 2282 1066 2344 Roberto
1100 2280 1302 2370 cogi,¹sine

260 2381 350 2448 grata
371 2381 405 2432 et
426 2381 552 2449 sperata
573 2364 724 2448 pactione
746 2385 816 2428 non
837 2372 949 2466 posset
969 2365 1132 2441 invitus‚-
1126 2364 1192 2428 -ad
1200 2369 1303 2446 quod-

224 2505 227 2512 .
259 2453 338 2513 dam
360 2467 499 2522 castrum
521 2453 565 2514 de
588 2470 692 2532 prope
711 2450 797 2513 forte
819 2432 1008 2514 transvexit.
1050 2450 1196 2560 Angitur
1217 2472 1299 2548 ergo

115 2539 120 2546 “
200 2561 202 2567 ’
259 2535 296 2598 in
318 2537 425 2600 castris
448 2551 481 2601 et
503 2544 690 2617 angustatur
713 2533 898 2600 obsidione
908 2537 1099 2609 nautarum
1136 2537 1303 2616 adquam

260 2620 484 2685 obsidionem
491 2621 604 2684 fortius
627 2621 878 2702 perurgendam,
901 2619 1055 2683 dominus
1063 2621 1235 2684 tor-danus
1259 2623 1303 2684 de

258 2707 445 2770 Tarracena
483 2705 663 2781 cardinalis,
703 2704 760 2785 qui
793 2703 901 2766 officio
939 2705 1098 2768 rectoriae
1129 2705 1302 2770 comitatus

236 2791 459 2889 ·Garnpaniae
491 2813 552 2874 per
570 2791 697 2854 sedem
731 2787 941 2888 apostolicam
971 2791 1185 2871 fungebatur,
1224 2813 1303 2858 oum
1352 2873 1354 2876 Ι

221 2882 237 2910 ·’
259 2876 426 2954 equitum
432 2891 465 2940 et
486 2875 635 2956 peditum
656 2871 810 2938 comitiva
833 2873 1000 2938 convenit.
1042 2873 1198 2938 Demum
1217 2897 1300 2942 vero
1323 2921 1325 2928 -
1353 2933 1356 2938 .

260 2961 365 3022 dictus
397 2961 567 3024 lohannes
600 2973 670 3021 tum
704 2955 992 3040 pollicitationibus
1019 2959 1133 3042 amplis
1162 2960 1301 3038 illectus,

260 3057 356 3107 tum
368 3044 614 3108 inductionibus
646 3057 838 3124 terroreque
876 3043 1072 3120 deviante,
1091 3065 1155 3110 nec
1190 3045 1301 3110 rdinus

205 3127 210 3136 “
260 3127 387 3196 interea
408 3151 547 3194 morem·
559 3149 687 3212 gerens,
709 3149 780 3191 non
801 3127 964 3210 propriam
986 3121 1123 3194 restituit
1143 3127 1302 3213 praedam

258 3214 471 3278 venatoribus
503 3215 700 3280 venantibus
732 3215 888 3294 praedam
920 3219 1024 3291 suam.
1077 3215 1176 3278 Tunc
1209 3237 1318 3296 sane„

259 3299 345 3363 sicut
384 3299 539 3376 creditur,
583 3297 691 3362 dicms
726 3302 902 3363 Robertus-
938 3300 1084 3364 abolevit
1120 3301 1305 3380 infamiam,

226 3408 232 3416 ‘
260 3405 326 3465 qua
360 3384 403 3448 de
435 3385 513 3466 fuga
546 3383 671 3448 Siciliae
704 3383 839 3466 turpiter
867 3399 995 3466 poterat
1026 3386 1189 3463 annotari,
1221 3403 1302 3450 tunc
1364 3441 1369 3459 ι

259 3467 423 3532 maculam
450 3468 579 3552 infamis
608 3468 824 3532 annotationis
853 3471 1001 3546 extersit,
1031 3467 1320 3552 et·regiumzme-f
1410 3491 1411 3494 ’

259 3554 335 3617 ruit
344 3554 504 3628 rehabere
525 3557 687 3627 favorem,-
715 3574 816 3633 quem
839 3553 934 3620 aliter
953 3557 1145 3623 credebatur
1165 3557 1302 3621 forsitan

212 3700 214 3705 .
259 3637 454 3722 perdidisse
498 3637 650 3718 Excepit
660 3659 742 3719 ergo
766 3653 876 3720 captos
897 3661 998 3706 saeva
1019 3661 1135 3704 manus
1158 3641 1244 3724 regis
1268 3658 1301 3706 et
1366 3637 1370 3648 '

261 3726 330 3786 dira
352 3725 492 3806 cupido,
520 3723 709 3802 manditque
733 3743 791 3804 pro
814 3739 895 3788 voto
923 3727 969 3788 de
998 3727 1179 3790 venatione
1203 3747 1301 3808 quae-

196 3819 198 3827 '
260 3809 336 3885 sita,
366 3825 400 3874 et
420 3826 479 3892 pro
502 3808 593 3872 libito
616 3808 760 3873 vescitur
781 3811 878 3873 rebus
901 3811 1034 3891 οριιιίιι
1070 3831 1106 3881 ac
1128 3811 1211 3873 dum
1234 3835 1301 3874 om-

79 3913 115 3931 “·
239 3891 343 3959 lnes
352 3907 481 3976 reputat
509 3892 670 3973 inimicos
693 3892 728 3954 in
761 3894 839 3974 ejus·
869 3897 1050 3976 potentiam
1074 3895 1141 3977 jam
1169 3899 1302 3972 conclu·
1323 3937 1325 3940 <

175 3996 178 4006 ¹
258 3979 333 4100 rob,
365 3977 471 4064 jubilo
504 3977 714 4066 conmndittrr
745 3979 951 4124 JJaudiotuaa·
990 3983 1051 4046 Ut
1083 3995 1194 4048 autem
1224 4001 1302 4129 ἓιᾷιιι
1367 3973 1374 3988 “

698 4111 709 4121 2
1130 4101 1133 4106 ·
1273 4089 1291 4130 a
