2786 4852
290 419 423 570 tiso(x

289 643 373 704 nem
397 641 513 724 sedulo
537 639 693 704 sacrificii
713 639 777 704 ritu
796 643 1016 740 peragendam
1032 627 1192 743 bodalus,
1215 624 1316 712 certis

252 739 254 743 “
291 727 412 790 simuin
434 730 538 816 cultus
560 727 783 824 praemium,
788 742 870 790 terra
893 728 1038 808 marique
1063 726 1237 801 victoriam
1252 755 1316 814 pro·

288 802 444 879 mittebat.
476 803 554 876 His
582 812 624 874 ita
649 811 800 894 peractis,
831 813 994 892 reliquum
1017 811 1080 884 diei
1104 815 1207 913 plenis
1229 819 1316 880 luxu·
1387 853 1389 860 ⁴

230 949 231 959 ,
288 897 364 960 riae
378 895 488 996 epulis
518 897 702 980 exigentes,
720 897 826 994 ipsas
856 897 999 958 sacrificii
1028 899 1164 977 dapes·
1155 921 1190 963 ιιι
1221 910 1316 964 'tasum

287 981 448 1055 convivii,
471 989 518 1046 et
525 985 620 1065 gulae
641 980 845 1055 nutrimenta
863 999 1008 1057 vertere,
1041 993 1241 1049 consecratas
1263 1009 1316 1048 nu·
1382 1018 1383 1026 ι

210 1101 226 1112 ..
270 1060 369 1128 'tarini
396 1063 544 1132 victimas
574 1067 847 1158 intemperantiae
870 1087 960 1130 snae
995 1065 1118 1166 servi-re
1152 1067 1313 1170 cogentes.
1385 1147 1386 1152 J

189 1207 193 1213 .
286 1151 331 1214 In
365 1171 431 1242 quo
465 1143 579 1234 epulo
598 1152 813 1232 sobrietatem
832 1151 955 1217 violare
988 1149 1079 1232 pium
1114 1157 1315 1218 aestimatum

241 1253 243 1260 ’
285 1251 351 1311 est,
381 1255 512 1310 servare
540 1239 632 1298 nefas
660 1235 816 1334 ιιιιιιιιιιιι.
859 1239 1025 1325 Nummus
1048 1235 1086 1300 ab
1110 1239 1313 1322 unoquoque
1387 1269 1389 1292 ι

230 1318 235 1330 ’
284 1325 374 1382 mare
396 1322 452 1384 vel
474 1324 619 1385 foemina
642 1317 807 1396 annuatim
829 1321 862 1387 in
865 1315 997 1405 hujus
1011 1303 1172 1384 simulacri
1193 1328 1339 1404 cultum¹
1387 1359 1389 1394 t

260 1395 365 1466 *doni
392 1405 527 1471 nomine
556 1391 770 1488 pendebatur.
823 1407 942 1470 Eidem
976 1427 1109 1486 quoque
1136 1409 1313 1488 spoliorum
1384 1437 1389 1462 ι

267 1492 321 1553 ac
351 1491 561 1569 praedarum
559 1513 644 1575 pars
675 1490 765 1552 tertia
787 1487 1026 1570 deputabatur,
1056 1493 1194 1573 perinde
1218 1511 1312 1575 atque
1386 1513 1389 1550 ι

282 1576 355 1654 ejus
376 1575 537 1656 praesidio
556 1593 646 1667 panta
668 1567 867 1668 obtentaque
888 1576 1051 1638 fuissent.¹
1076 1577 1157 1642 Hoc
1178 1599 1312 1667 quoque

281 1680 408 1722 numen
430 1675 590 1757 trecentos
608 1681 718 1740 equos
741 1652 933 1740 descriptos,
967 1661 1169 1744 totidemque
1201 1667 1312 1730 satelli·
1388 1669 1389 1692 ³

282 1759 331 1813 tes
361 1741 414 1809 ιιι
423 1743 469 1806 eis
498 1747 672 1808 militantes
701 1746 854 1806 habebat:
887 1766 1026 1824 quorum
1053 1766 1153 1826 ontrte
1174 1749 1311 1825 lucrum,
1387 1749 1389 1788 t

160 1812 163 1822 ¹
250 1865 254 1868 -
281 1848 341 1892 seu
365 1829 479 1905 armis,
510 1852 570 1894 seu
597 1832 682 1892 furto
711 1829 911 1916 quaesitum,
943 1831 1116 1894 sacerdotis
1146 1836 1311 1898 custodiae

244 1943 263 1976 a
281 1915 490 2013 subdebatur.
539 1915 605 2013 Qui
638 1935 680 1981 ex
712 1934 825 1976 earum
856 1935 966 1994 rerum
999 1915 1158 1988 manubiis
1192 1917 1310 1982 diversi
1387 1917 1389 1954 ³

207 2026 225 2046 κ
279 1992 412 2080 generis
430 1997 567 2082 insignia
589 2021 625 2062 ac
640 1997 736 2060 varia
757 1988 953 2080 templorum
982 2019 1172 2063 ornamenta
1195 2005 1329 2066 confla'
1388 2035 1389 2080 J

278 2085 348 2156 bat,
382 2103 487 2162 eaque
517 2083 670 2173 οιιιειιιιι
703 2105 847 2152 arcarum
879 2084 1021 2145 claustris
1055 2087 1285 2162 mandabatt‘
1277 2111 1309 2150 ιιι
1385 2083 1389 2144 ⁴.

278 2167 410 2248 quibus,
433 2187 591 2250 praeter
583 2150 801 2230 abundantem
824 2167 1014 2248 pecuniam,
1044 2155 1144 2230 multa
1167 2191 1314 2252 purpura.

277 2265 438 2318 vetustate
461 2275 559 2344 ειεει
580 2251 733 2349 congesta
753 2248 867 2316 fuerat
918 2253 990 2322 lllic
1011 2261 1152 2332 quoque
1168 2259 1308 2336 publico

240 2380 242 2386 ·
275 2358 348 2412 rum
368 2337 546 2401 munerum
576 2360 612 2400 ac
640 2337 843 2434 privatorum
868 2333 982 2434 ingens
1012 2337 1105 2419 copia
1133 2341 1308 2419 visebatur,
1387 2349 1389 2400 ἶ

276 2419 426 2485 studiosis
448 2417 618 2489 beneficia
630 2422 845 2504 poscentium
857 2423 940 2484 votis
965 2423 1089 2484 collata.
1133 2425 1266 2495 Hanc
1257 2443 1309 2490 rta-

275 2527 340 2602 que
363 2523 509 2583 statuam,
533 2507 628 2570 totius
647 2507 792 2570 Sclaviae
810 2507 1021 2587 pensionibus
1039 2502 1169 2583 cultam,
1180 2509 1308 2576 finitimi
1388 2579 1389 2582 ,

273 2613 407 2672 qunque
436 2603 540 2674 reges,
571 2615 640 2667 ιιοιι
671 2595 793 2673 absque
826 2591 982 2670 sacrilegii
1014 2609 1174 2674 respectu,
1211 2597 1306 2672 donis
1388 2603 1389 2676 j

272 2681 562 2758 prosequebantur.
609 2679 718 2775 Quam
747 2677 831 2738 inter
857 2692 1001 2739 caeteros
1029 2680 1124 2740 etiarn
1153 2701 1213 2741 rex
1242 2684 1307 2744 Da·
1387 2689 1389 2756 j

271 2784 408 2836 norum,
437 2763 563 2838 Sueno,
591 2763 785 2854 propitiandi
802 2763 920 2842 gratia,
951 2762 1100 2840 exquisiti
1122 2767 1228 2828 cultus
1252 2788 1306 2848 po
1367 2807 1389 2842 ,κ

271 2847 345 2906 culo
369 2849 542 2908 veneratus
566 2863 629 2920 est,
664 2843 866 2942 alienigenae
893 2845 1058 2926 religionis
1080 2849 1224 2912 studium
1251 2853 1305 2916 do
1339 2849 1343 2858 '
1388 2921 1389 2926 J

269 2932 422 2992 ntesticae
444 2929 676 3012 praeferendo:
696 2932 804 3010 cujus
832 2933 1042 3010 postmodum
1071 2933 1267 3017 sacrilegii
1258 2959 1304 2998 rn-

108 3035 111 3044 ’
183 3001 211 3016 ”
269 3015 376 3078 felici
374 3037 519 3079 carcere
515 3037 659 3105 poenas
672 3015 837 3096 persolvit.
900 3015 941 3076 lia
963 3037 1133 3098 quoque
1118 3018 1193 3080 sana
1215 3042 1303 3084 cotn-
1387 3045 1389 3106 ᾗ

264 3099 449 3199 ,ιιιιιιιιιιιι’
442 3123 476 3162 ιιι
503 3093 582 3162 locis
611 3101 675 3162 hoc
704 3122 829 3162 numen
877 3103 1007 3171 abebat,
1040 3122 1123 3180 quae
1144 3125 1206 3190 pet·
1229 3126 1303 3186 sup

267 3183 350 3268 paris
373 3185 540 3267 dignitatis
555 3207 591 3247 ac
613 3186 748 3246 minoris
778 3186 941 3266 potentiae
969 3186 1116 3250 flamines
1146 3193 1303 3270 regeban
1373 3238 1389 3248 .,

164 3311 168 3321 ·
266 3291 326 3334 tur.
380 3272 553 3336 Praeterea
583 3271 783 3352 peculiarem
809 3270 874 3348 ,albi
904 3265 1026 3330 coloris
1052 3291 1175 3356 equum
1205 3275 1320 3350 titulo¹
1386 3315 1389 3350 J

171 3367 183 3416 ⁴.
264 3353 462 3438 possidebat,
484 3356 575 3438 cujus
595 3356 693 3436 jubae
717 3371 770 3416 aut
793 3353 913 3418 caudae
933 3355 1028 3434 pilos
1035 3350 1225 3420 convellere
1245 3382 1301 3422 ne·
1387 3351 1389 3374 ³

263 3443 380 3504 larium
404 3443 590 3504 ducebatur.
634 3443 736 3502 Hunc
759 3439 819 3500 soli
841 3439 999 3503 sacerdoti
1021 3440 1234 3526 pascendi,
1225 3445 1300 3506 ansi·

262 3525 460 3606 dendiquej
465 3545 502 3588 us
533 3540 615 3613 erat,
644 3546 688 3588 ne
717 3523 819 3586 divini
848 3523 991 3586 animalis
1021 3543 1113 3600 usus,
1146 3549 1212 3606 quo
1238 3531 1299 3594 fre·
1322 3557 1325 3565 ·
1356 3591 1359 3600 ,

262 3610 429 3708 (ιιιειιιιοι,
448 3547 528 3672 boc
538 3599 648 3686 bilior,
668 3611 850 3671 baberetur.
893 3611 940 3671 Ιιι
961 3609 1024 3672 hoc
1045 3631 1149 3691 equo,
1172 3614 1299 3694 opinio·
1339 3669 1342 3680 .
1387 3619 1389 3632 '

261 3719 304 3760 ne
328 3695 471 3778 Rugiae‚
493 3656 712 3764 Suantovitus
725 3695 773 3768 (id
796 3695 966 3756 simulacro
990 3697 1187 3758 vocabulum
1210 3707 1298 3780 erat)
1343 3733 1351 3738 -
1387 3693 1389 3758 Ῐ

261 3775 438 3848 aduersum
461 3801 624 3842 sacrorum
646 3800 780 3841 suorum
803 3777 912 3842 hostes
936 3779 1020 3842 bella
1042 3801 1155 3860 gerere
1186 3787 1297 3848 crede·
1385 3779 1389 3798 '

59 3865 64 3872 ’
156 3869 160 3890 '
222 3853 360 3946 batur.
426 3864 527 3946 Cujus
566 3865 613 3929 rei
651 3863 861 3946 praecipuum
894 3884 1121 3962 argumentum
1155 3873 1296 3946 extabat,
1387 3881 1389 3936 j

106 4017 107 4025 ,
167 4009 170 4020 ,
258 3951 397 4034 quodis
418 3968 578 4046 nocturno
602 3966 749 4030 tempore
772 3949 927 4012 stabulo
920 3949 1097 4023 insistens,
1121 3955 1205 4015 adeo
1228 3957 1297 4034 ple·
1386 3945 1389 3962 ³

256 4059 397 4162 tumque
419 4035 517 4104 ahane
539 4037 659 4103 sudore
680 4053 717 4102 ae
728 4035 807 4104 luto
829 4053 1003 4170 respersus
1010 4035 1204 4112 videbatur,
1227 4055 1299 4099 tan-

1192 4143 1296 4204 quarn

237 4203 274 4255 ,ι
341 4245 345 4249 -
987 4237 1044 4306 ·x
