2792 4852
205 499 207 504 ,
287 441 368 520 allv
410 460 431 511 ,·
475 453 480 460 “

219 679 222 683 ,
290 615 475 687 auctoritate
498 614 744 698 strtptutatnm,
781 611 818 680 et'
842 603 988 698 generali
1017 615 1254 717 approbatione
1275 637 1334 717 pu

258 750 274 766 a
290 706 399 768 blicae
428 703 690 766 commoditatis
696 721 909 782 summopere
938 702 1084 799 lando,
1092 718 1177 766 toto
1183 704 1265 766 nisu
1287 703 1335 766 in·

291 789 431 888 quirem,
455 803 503 852 et
509 787 543 850 in
565 801 633 850 tota
648 785 717 849 Dei
734 785 895 850 ecclesia·
886 807 958 868 tpso
975 786 1114 886 ιἰιιιιιιιι
1133 786 1336 864 diffundere,

258 943 261 946 ,
287 873 448 942 'vivaciter
470 875 656 935 elaborabo.
698 870 857 968 Tettium
880 871 965 948 Dei,
1000 871 1083 934 sicut
1100 880 1179 936 eam
1201 888 1335 937 sanctae

208 981 210 991 ’
290 958 471 1023 memoriae
486 960 640 1020 Urbanus
662 976 756 1052 papa,
777 955 813 1016 in
833 956 973 1019 concilio
991 947 1197 1020 Clarimontis
1218 973 1336 1024 tenen·
1357 995 1383 1024 ,ι

288 1042 367 1108 dem
390 1043 566 1142 constituit,
583 1039 771 1122 praecipio,
799 1055 833 1104 et
854 1041 980 1122 reliqua
995 1043 1190 1140 decreta,
1176 1063 1264 1123 quae
1287 1040 1335 1106 ibi

291 1129 455 1194 asanctis
482 1127 624 1208 patribus
654 1126 776 1188 sancita
789 1141 887 1201 sunt,
923 1145 965 1189 ex
995 1127 1181 1203 auctoritate
1209 1127 1279 1190 Dei
1301 1141 1337 1192 et

1232 521 1233 528 ¹
1273 524 1281 552 i

73 1287 76 1294 J
121 1285 123 1302 ι
193 1221 197 1224 ’
290 1213 394 1280 sancti
414 1213 503 1276 Petri
525 1212 678 1291 apostoli,
713 1210 931 1291 omniumque
961 1227 1146 1274 sanctorum
1168 1197 1259 1276 Dei
1259 1233 1337 1274 con

193 1374 195 1380 Α
265 1349 268 1352 .
293 1301 400 1371 firmo.
405 1295 642 1381 -tmperaror
653 1297 921 1360 Alamannorum
930 1295 1100 1360 mandavit
1110 1296 1203 1374 mtht,
1212 1311 1251 1361 ut
1260 1297 1335 1362 Mo

269 1403 416 1454 ‘nonem
436 1395 578 1444 castrum
601 1368 728 1456 adeam,
751 1381 863 1481 ibique
885 1401 1001 1462 pacem
1024 1403 1100 1444 curn
1123 1405 1163 1444 eo
1188 1383 1229 1445 ad
1253 1384 1335 1446 utili·

293 1484 394 1535 tetem
422 1481 552 1530 sanctae
580 1465 688 1530 matris
717 1465 874 1530 ecclesiae
902 1465 1034 1528 faciam
1093 1468 1180 1550 Illuc
1216 1465 1335 1548 utique

231 1575 255 1616 s
292 1572 354 1636 pro
382 1571 464 1634 pace
491 1548 692 1614 laboraturus
722 1567 812 1614 nuno
839 1551 934 1630 ibo,
948 1566 982 1616 et
1003 1552 1216 1650 co'e'piscopos
1238 1573 1335 1616 meos

293 1641 499 1702 tiernensem
521 1652 557 1699 et
576 1636 891 1738 Βιιιιοιιιιιειιεειιι,
929 1651 963 1700 et
992 1635 1071 1698 alios
1099 1637 1262 1736 ιιιιοιάιιιι
1290 1637 1335 1701 de

209 1775 211 1782 ,
295 1721 445 1786 fratribus
473 1737 507 1786 et
535 1719 737 1803 coepiscopis
765 1719 882 1783 nostris
909 1741 1043 1784 mecum
1061 1713 1226 1797 minabo,
1249 1741 1335 1820 quos

286 1826 372 1906 prae
403 1806 519 1872 ceteris
565 1805 606 1868 ad
642 1805 733 1869 hoc
747 1806 902 1887 placitum
944 1806 1145 1880 necessarios
1184 1807 1336 1872 aestimo.

292 1891 398 1958 Aliis
410 1891 563 1956 omnibus
594 1891 785 1974 episcopis
794 1906 827 1954 et
861 1891 1029 1954 abbatibus
1059 1891 1180 1974 jubeo,
1215 1899 1262 1954 ut
1279 1891 1335 1955 hic

159 1969 190 1978 ”
231 2047 234 2057 ι
293 1978 534 2076 praestolentur
553 1996 615 2040 nos
636 1975 829 2057 quantocius
850 1975 1028 2054 redituros,
1061 1977 1236 2042 auxiliante
1257 1997 1334 2042 con-
1382 2025 1387 2030 -

206 2108 210 2118 .
294 2062 400 2126 <litore
422 2075 545 2126 nostro.
590 2059 718 2124 Omnes
740 2060 794 2122 hic
816 2075 989 2141 expectare
1017 2063 1235 2144 commendo,
1269 2083 1367 2128 nec*

235 2171 253 2202 .·
284 2145 395 2246 oti-arn
416 2145 626 2222 Goiffredttm
648 2140 799 2210 abbatem
821 2145 922 2207 sancti
938 2145 1140 2245 Τιιεοᾱοιὶιὶ
1153 2130 1245 2211 abire
1263 2168 1333 2229 per·

294 2229 409 2311 mitto,
439 2229 589 2312 quamvis
612 2229 682 2312 ejus
704 2229 849 2320 hospitio
935 2243 946 2294 t
966 2251 1003 2292 tn
1022 2231 1207 2314 proximo.
1229 2233 1343 2299 Orate*

228 2330 253 2355 ἰ
295 2337 356 2398 pto
378 2315 484 2392 nobis,
505 2331 542 2380 ut
561 2319 657 2380 Deus
680 2330 713 2380 et
733 2311 849 2378 Domi
886 2331 1034 2400 ιιιοειει
1055 2337 1251 2406 prosperum
1272 2317 1363 2384 iter¹

294 2398 391 2466 nobis
413 2403 580 2478 concedat,
602 2415 636 2466 et
655 2413 773 2464 omnes
795 2415 930 2464 conatus
952 2386 1080 2465 nostros
1103 2405 1143 2463 ad
1164 2423 1284 2486 pacem
1301 2419 1335 2470 et

295 2485 468 2562 utilitatem
487 2486 585 2550 totius
607 2485 765 2563 ecclesiae
792 2485 979 2568 benigniter
1006 2485 1150 2586 dirigat
1172 2491 1261 2550 Gom
1284 2511 1335 2552 att·
1394 2545 1395 2550 ,

273 2587 274 2592 ’
295 2585 365 2645 tem
385 2591 543 2636 reversus
557 2549 664 2646 luero,
684 2572 843 2635 clamores
867 2585 992 2634 vestros
1008 2585 1043 2634 et
1058 2571 1333 2657 ratiocinationes,
1393 2605 1395 2636 ;

295 2670 334 2720 ut
354 2655 472 2722 rectius
494 2670 644 2737 potuero,
665 2654 842 2740 diligenter
859 2655 1039 2732 discutiant
1061 2643 1253 2755 opitulante
1265 2663 1334 2723 Do·
1393 2689 1394 2692 ¹

295 2739 406 2816 mino,
437 2754 474 2804 ut
496 2757 673 2822 cumpace
696 2753 729 2804 et
743 2740 949 2805 exultatione
976 2742 1017 2803 ad
1044 2741 1173 2824 propria
1193 2744 1335 2808 remitta-

296 2838 349 2888 tur
365 2825 547 2923 Ιιιιεοιιιιι
558 2823 686 2887 concio.
714 2825 849 2888 Deinde
865 2823 1065 2906 spiritualem
1082 2825 1188 2890 filium
1206 2850 1333 2906 meum,

243 2923 247 2931 ’
283 2922 331 2974 et
358 2908 489 2991 originis
516 2906 759 3008 propinquitate
788 2909 1030 3009 ιοιιιοιιιίιιιιιιι,
1062 2927 1183 2993 regem
1204 2911 1290 2997 Ang
1291 2915 1334 2977 lo

295 3009 405 3075 aum
398 2994 524 3058 adibor
531 2988 709 3090 ιιιειίιιιιι
738 3009 772 3058 et
797 2995 981 3075 alloquiis
972 3016 1097 3078 aptum,
1137 3015 1171 3060 et
1190 2999 1334 3063 Tedbal·

201 3138 204 3142 .
296 3067 377 3142 dum
397 3072 593 3154 comitem,
597 3077 670 3162 ejus
691 3077 845 3144 videlicet
865 3094 1039 3180 nepotem,
1070 3081 1220 3162 aliosque
1241 3084 1338 3148 dissi.
1393 3103 1395 3126 t

294 3165 410 3241 dentes
434 3165 639 3240 admonebo,
662 3180 698 3228 ut
720 3165 756 3226 in
776 3165 930 3227 omnibns
951 3163 1180 3236 rectitudinem
1201 3167 1332 3246 faciant,

263 3265 266 3270 ·
293 3252 384 3312 ctab
402 3247 554 3316 omnibus
572 3249 740 3312 eandem
730 3270 765 3312 tn
781 3269 894 3315 amore
911 3249 981 3333 Dei
994 3251 1169 3352 recipiant.
1190 3269 1225 3318 et
1238 3253 1333 3334 juxta

275 3333 362 3416 ,Dei
380 3335 492 3418 legem
514 3333 670 3416 pacificati
691 3337 730 3396 ab
751 3335 843 3398 omni
863 3335 1027 3398 bellorum
1048 3333 1184 3436 strepitu
1204 3338 1332 3416 sileant,

294 3432 392 3498 atqtre
420 3439 497 3482 curn
525 3417 676 3500 subjectis
702 3417 853 3500 plebibus
881 3419 987 3482 securi
1021 3421 1228 3520 quiescentes
1256 3445 1332 3506 gau
1392 3479 1393 3482 ,

287 3500 402 3570 deant.
453 3505 556 3566 Porto
575 3504 667 3580 illos,
699 3504 756 3602 qni
779 3503 1046 3604 persuasionibus
1067 3505 1184 3570 nostris
1207 3511 1332 3574 obtem·

292 3610 407 3671 perare
429 3589 613 3664 noluerint,
645 3589 734 3652 sed
726 3611 760 3650 tn
779 3609 840 3652 sua
861 3590 1054 3670 procacitate
1082 3607 1194 3654 contra
1218 3595 1274 3675 J'us
1296 3610 1332 3659 et

292 3673 458 3756 publicam
479 3672 626 3754 quietem
645 3675 883 3737 conmmaniter
908 3677 1208 3778 perseveraverint,
1242 3679 1332 3744 tem·
1387 3687 1392 3696 '

293 3759 350 3822 bili
372 3758 584 3828 anathematis
604 3759 766 3822 sententia
786 3759 918 3836 feriam,
943 3759 1013 3824 nisi
1041 3759 1060 3824 i
1083 3761 1252 3861 pravitate
1270 3783 1331 3828 sua

217 3870 231 3891 x
269 3843 506 3927 fresipuerint‚
538 3859 571 3908 et
593 3865 651 3942 pro
673 3844 836 3908 transactis
862 3845 1006 3926 reatibus
1028 3846 1186 3912 canonice
1207 3845 1330 3915 satisfe-

292 3931 403 3992 cerint.
445 3932 512 3994 His
535 3928 643 4020 dictis,
674 3942 789 3995 coetus
808 3928 958 3994 fidelium
979 3931 1103 3995 solutus
1126 3949 1186 3996 est
1212 3967 1256 3984 -
1283 3936 1328 3998 In

217 4099 220 4104 .
275 4015 478 4098 *crastinum
499 4012 615 4082 secia
602 4029 723 4136 qparta,
745 4035 822 4078 cum
843 4013 965 4100 insigni
984 4015 1139 4084 comitatu
1160 4019 1328 4100 profectus
1392 4057 1394 4066 ι

1272 4120 1326 4168 est
1386 4130 1390 4139 ·

435 4248 445 4278 t
