2786 4852
261 463 340 604 iti.

260 648 496 733 debile-possit
514 649 668 734 amplius
684 604 821 729 inaniri,
844 665 888 716 et
907 650 983 735 ipss
1002 601 1181 730 quamlibet
1201 648 1307 722 medi-

231 774 233 778 ·
263 737 370 806 cinam
388 737 464 800 Νοιο
485 735 566 808 visu,
583 737 763 811 abhorreat,
785 737 844 800 sed
866 755 900 803 et
921 759 998 798 cum
1019 756 1147 806 summa
1169 736 1306 802 difficul-

165 871 173 880 .
263 837 328 921 Jate
349 819 440 885 cibos
462 820 606 903 accipiat.
648 821 700 886 At
726 821 830 902 Majo‚
859 843 903 886 ne
923 820 1121 890 uideretur
1113 835 1305 908 tmportune

258 905 399 986 irpstare,
424 927 547 987 eoque
555 906 636 990 ipso
651 921 819 988 suspectus
838 908 945 982 fieret,
966 921 1189 988 praeparatam
1207 899 1306 986 jubet

261 993 435 1092 potionem
456 991 492 1062 in
509 991 603 1066 ‚diem
626 992 719 1057 aliam
742 993 919 1056 reservari:
954 991 1073 1054 debinc
1101 991 1148 1054 illi
1168 989 1308 1070 familia·

128 1101 129 1108 ¹
203 1127 209 1133 .
261 1077 327 1155 rius
348 1077 468 1142 assidet
489 1092 522 1140 et
542 1079 664 1140 blande
686 1097 785 1174 snper
806 1079 870 1140 hoc
893 1099 971 1140 eum
991 1079 1207 1159 redarguens,
1230 1060 1304 1138 hoi-

262 1177 355 1256 tatur,
383 1183 428 1228 ne
451 1162 638 1257 eonsilium
659 1163 845 1224 amicorum
869 1177 949 1225 tarn
956 1161 1160 1244 negligenter
1182 1161 1306 1238 audiat,

153 1233 158 1237 ”
260 1267 399 1330 neque
401 1250 481 1312 sua'e
513 1267 644 1335 semper
671 1250 885 1329 obtemperet·
904 1247 1088 1346 uoluntati,
1107 1266 1191 1314 ,curn
1224 1244 1306 1308 sciat

162 1395 164 1401 A
261 1353 337 1401 eam
354 1352 426 1397 esse
444 1326 555 1414 legem
578 1332 795 1414 aegritudinis,
817 1343 854 1394 ut
870 1333 1002 1394 ΝιιίιιιΝΝ
1014 1331 1134 1396 nociva
1150 1333 1305 1411 frequen·

240 1416 325 1481 =tius
348 1431 523 1499 appetens,
546 1438 602 1492 ea,
623 1419 709 1498 quae
733 1433 886 1499 prosunt,
909 1417 1129 1494 nibilominus
1142 1435 1305 1498 asperne-
1391 1421 1392 1424 ’

189 1515 190 1520 ’
263 1515 330 1574 tur3
345 1503 424 1580 ‘nim
446 1501 516 1578 sibi,
539 1503 567 1566 si
590 1503 694 1584 sanari
715 1503 888 1578 desideret,
911 1502 1080 1599 aliquoties
1097 1499 1304 1566 factendam:
1325 1519 1330 1530 ¹

261 1606 364 1668 seque
394 1575 435 1665 de
464 1585 560 1664 illius,
589 1603 636 1649 ut
653 1588 782 1670 propria
811 1592 931 1664 salute,
940 1591 1054 1686 ..jurat
1066 1587 1204 1670 perinde
1228 1605 1303 1650 esse

261 1659 462 1752 sollicitum?
458 1695 552 1736 uam
574 1671 600 1736 s'i
618 1673 753 1774 quidem
772 1681 849 1736 eum
867 1672 949 1738 mori
968 1672 1148 1756 contigerit,
1172 1670 1302 1736 nescire

261 1776 307 1833 se,
331 1745 410 1836 quid
425 1758 605 1839 deinceps
609 1760 648 1828 sit
670 1774 720 1820 act
723 1779 815 1833 urus,
838 1781 905 1838 quo
928 1778 963 1822 se
985 1772 1099 1856 yertat,
1122 1777 1224 1855 quarn
1249 1755 1306 1820 ex'

107 1865 109 1872 ¹
177 1843 180 1848 '
260 1852 355 1938 petat
370 1840 575 1917 societatem,
603 1845 695 1924 cujus
717 1844 794 1908 fidei
817 1865 868 1906 se
876 1843 1068 1906 committat:
1104 1843 1187 1912 nihil
1209 1843 1302 1907 enirn

130 1927 181 1949 '¹‘
259 1927 294 2001 in
317 1925 379 1988 alio
398 1949 570 2026 quoquam
592 1929 663 2010 spei
681 1943 739 1991 aut
760 1929 899 2011 fiduciae
929 1927 989 1990 sibi
1015 1927 1207 2010 repositum.
1251 1927 1302 1992 At

224 2051 228 2058 ι
258 1995 314 2086 ille
337 2013 467 2092 gratias·
463 2013 506 2078 -ei
526 2015 689 2088 referens,
717 2013 945 2094 impotentiam
967 2033 1060 2076 snam
1082 2027 1235 2086 excusat,
1266 2013 1301 2074 fi-

260 2099 406 2175 demque
428 2099 538 2160 laudat
560 2098 728 2173 amicitiae.
760 2099 823 2162 Ad.
842 2098 968 2177 singula
990 2097 1146 2178 prolixius
1166 2118 1299 2179 respon

259 2183 388 2278 dendo,
422 2168 596 2262 aliisque
588 2204 751 2264 insuper
750 2185 791 2246 de
826 2153 923 2246 rebtis
946 2187 1047 2246 verba
1069 2181 1299 2262 multiplicem,
1376 2185 1378 2204 ¹

258 2264 355 2363 rnittit
381 2267 479 2342 illico,
501 2267 570 2348 qui
592 2240 753 2342 Mathaeti
778 2269 920 2332 Bonello
949 2269 1047 2342 dicat,
1077 2283 1113 2328 ut
1134 2267 1300 2366 siquidem
1324 2339 1338 2358 Ι

257 2349 309 2425 uir
331 2364 390 2428 eat,
412 2373 500 2414 nunc
523 2354 691 2453 emoleret,
713 2368 746 2417 et
763 2355 805 2414 ad
821 2355 1066 2434 peragendum,
1074 2353 1162 2432 quod
1182 2352 1301 2434 promi
1344 2409 1347 2422 ,

257 2435 323 2510 tit,
337 2431 491 2503 viriliter
498 2438 700 2536 accingatur,
733 2438 852 2500 milites
880 2457 958 2500 suos
981 2439 1109 2502 occulte
1136 2438 1234 2502 faciat
1256 2459 1300 2500 ar·

145 2571 155 2590 ,ι
256 2522 355 2596 mari,
384 2537 523 2592 armatos
546 2521 696 2606 congruis
717 2523 787 2606 ipse
811 2523 991 2604 disponat
982 2545 1017 2584 ιιι
1036 2521 1136 2598 locis,
1164 2521 1303 2593 interim·

159 2629 161 2633 ·
224 2647 232 2663 κ
257 2627 293 2686 ae
310 2607 533 2696 Majonem
525 2608 620 2672 variis
645 2627 836 2672 sermonum
860 2608 1048 2707 ambagibus
1072 2607 1309 2686 detenturum,

133 2746 135 2760 .
192 2695 193 2700 ’
256 2693 433 2790 Matltaeus
462 2715 556 2776 ergo
569 2695 772 2769 Bonellus,
786 2709 884 2775 prout
910 2693 941 2756 ei
963 2695 1159 2774 imperatum
1180 2695 1299 2768 fuerat,

195 2854 197 2858 ,
242 2777 291 2848 uin
309 2777 488 2842 secretiore
510 2780 629 2844 domus
652 2797 742 2860 parte
764 2778 920 2840 militibus
938 2777 1135 2853 convocatis,
1158 2799 1230 2844 rem
1250 2779 1297 2844 eis

199 2861 201 2866 ’
256 2873 357 2924 totam
380 2861 531 2942 ertponit,¹
559 2863 737 2945 paucisque
759 2865 938 2936 admonet,
956 2877 993 2924 ut
1014 2863 1130 2926 audaci
1143 2865 1297 2946 fortique

256 2945 319 3012 sint
347 2945 483 3022 arsimo„
501 2947 572 3014 sine
599 2963 708 3024 metu,
741 2947 813 3012 sine
841 2947 986 3028 periculo
1015 2947 1169 3013 facillime
1196 2967 1298 3031 posse

148 3055 167 3079 κ
244 3029 672 3097 ·1ernfieri.Siveeuitn
693 3031 844 3122 nesciens
867 3034 930 3096 hoc
952 3032 1017 3094 sibi
1034 3033 1249 3114 periculum
1239 3055 1299 3095 rm·
1361 3095 1365 3105 ,

167 3171 171 3196 ,
255 3101 398 3213 {ninere
392 3137 536 3181 securus
559 3118 689 3192 exierit,
718 3140 788 3182 non
810 3136 882 3182 esse
906 3117 1060 3195 dubium,
1083 3117 1164 3198 quin
1185 3119 1296 3180 omnis

256 3200 297 3262 ei.
299 3201 456 3298 fugiendi
478 3203 588 3266 aditus
606 3190 815 3280 obstruatur,
854 3203 924 3266 sive
957 3225 1002 3267 re
1015 3203 1144 3285 cognita
1175 3203 1296 3267 timeus

80 3265 85 3278 Χ
154 3314 158 3321 ’
192 3305 201 3325 ‘
254 3285 361 3362 esire,
390 3287 477 3352 aliud
500 3285 676 3368 quicquain
697 3287 875 3354 machinari
897 3285 1055 3374 voluerit,
1077 3287 1192 3352 itidem
1214 3309 1298 3354 eum

164 3387 165 3394 ¹
254 3371 289 3432 in
310 3371 388 3452 ipsis
410 3371 544 3436 aedibus
566 3373 670 3434 nihilo
699 3373 831 3457 segnius
858 3357 1136 3470 obtruncandum,
1169 3390 1253 3436 nec
1264 3371 1297 3437 ei

255 3452 477 3536 deliberandi
489 3455 630 3538 spatium
644 3447 866 3520 indultum
854 3456 906 3520 tri.
966 3452 1040 3522 Nec
1072 3479 1154 3522 vero
1185 3457 1296 3541 longis

241 3553 346 3606 'erant
362 3523 632 3624 persuasionibus
655 3543 830 3618 onerandi,
866 3563 949 3621 quos
979 3543 1019 3604 ad
1047 3541 1082 3604 id
1108 3561 1297 3625 perpetran-

217 3664 223 3685 ι
254 3627 334 3688 dum
357 3641 390 3690 et
412 3641 650 3692 sacramentnm
672 3627 869 3702 astrinxerat,
892 3644 924 3692 et
941 3628 1084 3708 Majonis
1102 3629 1258 3694 dudum
1249 3651 1295 3692 tn·

221 3763 223 3771 s
253 3707 480 3776 flammaverat
501 3711 627 3788 odium,
657 3727 690 3774 et
716 3713 798 3774 lucri
826 3731 916 3814 spes
925 3714 1154 3778 vehementius
1184 3735 1296 3778 accen·

254 3797 362 3860 debat.
411 3797 506 3880 Inter
533 3796 615 3862 haec
644 3797 773 3860 occasui
801 3797 878 3864 solis
905 3799 986 3880 jam
984 3781 1200 3872 succedente
1229 3820 1294 3897 cre

221 3892 224 3904 ¹
253 3883 403 3964 pusculo,
426 3870 527 3945 totam
548 3884 664 3946 urbem
686 3881 828 3964 subitis
818 3883 1022 3964 incertisque
1039 3884 1224 3946 rumoribus
1245 3883 1293 3946 vi·
1356 3925 1359 3930 ,

255 3967 348 4030 detes
377 3965 581 4040 attonitam,
596 3965 752 4048 civesque
764 3967 857 4046 binc
883 3967 962 4032 inde
986 3969 1148 4030 turmatim
1171 3953 1293 4050 disper·

204 4112 208 4126 ,
254 4070 307 4114 sos
329 4051 534 4138 incedere,
535 4066 568 4118 et
571 4051 781 4140 quidnam
780 4066 868 4120 esset
894 4051 1033 4146 rumoris
1061 4055 1155 4134 qnod
1175 4057 1293 4116 urbem

279 4167 294 4179 ·-
941 4157 943 4164 ¹
1077 4209 1079 4221 y
1154 4156 1290 4222 repente
