2792 4852
249 413 330 519 n28

199 614 223 664 'a
257 618 351 696 papa
375 613 452 660 curn
480 591 603 680 justitia
633 603 667 658 et
688 591 886 668 auctoritate,
914 590 1108 674 promissam
1137 589 1197 656 sibi
1225 599 1327 654 con-¹
1390 577 1393 658 ’ς

195 743 198 756 ,
259 684 468 758 ventionem
480 617 550 772 Jde¹
566 679 750 758 redde'ndis
789 679 849 740 sibi
881 677 1043 758 regalibus
1081 671 1323 756 confirmaret,-
1370 674 1373 689 “

254 765 423 832 universis
446 780 512 828 tam
532 764 617 840 suis,
626 783 739 864 ‘quam
762 763 878 824 nostris
903 761 1027 824 scilicet
1048 762 1225 856 episcopis,
1248 765 1302 823 ab·
1385 757 1393 832 ἶ

258 854 402 928 batibus,
431 864 464 914 et
489 849 651 914 universis
680 849 837 912 ecclesiae
868 846 992 920 filiis,
984 867 1019 908 ιιι
1046 847 1164 909 faciem
1192 847 1224 910 ei
1253 868 1302 910 re·
1330 903 1334 907 .
1387 847 1393 914 i

155 939 160 950 '
256 937 464 1010 sistentibus,
493 949 526 999 et
548 937 680 1030 decreto
703 955 763 999 suo
786 935 936 1015 plenam
941 931 1104 994 haeresim
1126 933 1302 996 inclaman

260 1024 362 1104 tibus,
395 1020 503 1084 voluit
523 1041 625 1102 papa,
658 1019 686 1080 si
714 1019 805 1080 salva
832 1038 912 1112 pace
941 1019 1099 1080 ecclesiae
1128 1020 1305 1106 potuisset,
1392 1099 1393 1104 ἵ

218 1101 221 1118 ’
259 1111 324 1174 hoc
352 1105 561 1208 privilegium
588 1105 752 1187 proferre:
784 1124 827 1166 ne
856 1100 1058 1179 sacerdotes,
1091 1104 1222 1164 abbates
1246 1116 1304 1164 aut

179 1223 180 1228 ¹
259 1193 377 1268 clerici,
398 1189 616 1254 saecularibus
639 1204 850 1269 occupentur,
871 1209 962 1253 neve
983 1189 1025 1249 ad
1046 1187 1237 1251 comitatum
1254 1207 1305 1248 ac·
1391 1209 1393 1218 ’

259 1281 387 1354 cedant,
409 1275 471 1338 nisi
493 1295 552 1373 pro
575 1274 734 1336 damnatis
753 1274 917 1349 eruendis,
938 1293 1029 1336 neve
1047 1271 1194 1338 militiam
1212 1294 1306 1336 exer

259 1377 372 1437 ceant,
405 1379 498 1458 quae
518 1358 575 1421 vix
597 1373 653 1420 aut
673 1359 767 1419 nullo
789 1359 903 1436 modo,
931 1359 1002 1422 sine
1013 1357 1155 1446 rapinis,
1177 1359 1305 1422 sacrile-

261 1450 331 1534 giis,
354 1441 516 1508 incendiis
539 1459 572 1506 et
593 1441 777 1538 homicidiis
800 1444 1015 1516 exhibentur,
1050 1465 1140 1506 neve
1163 1441 1306 1506 ministri

186 1553 191 1562 ’
260 1531 366 1597 altaris
394 1523 474 1592 fiant
502 1527 639 1590 ministri
667 1526 793 1603 curiae,
824 1549 914 1592 neve
942 1527 1102 1626 accipiant
1116 1529 1304 1627 ‘aregibus

252 1621 303 1686 ad
330 1635 471 1698 regnum
500 1611 724 1695 pertinentia.
759 1611 845 1694 Regi
873 1627 984 1675 autem
1015 1609 1096 1676 sive
1114 1612 1306 1713 imperatori

261 1703 390 1767 censuit
418 1719 490 1764 esse
521 1697 712 1760 dimittenda
735 1699 846 1759 omnia
869 1699 910 1760 ad
932 1718 1073 1796 regnum
1093 1699 1305 1778 pertinentia,

261 1807 282 1852 a
309 1803 458 1868 ternpore
489 1767 601 1866 Caroli
629 1781 740 1864 magni
772 1798 806 1846 et
837 1796 1019 1848 ceterorum
1042 1782 1305 1866 imperatorum

259 1872 457 1938 interdicens
479 1856 539 1931 sub
546 1852 778 1943 anathemate,
806 1887 851 1931 ne
876 1867 1049 1950 qnisquam
1071 1867 1309 1951 episcoporum
1335 1889 1338 1895 ·
1387 1869 1395 1940 ff

259 1956 395 2022 invadat
422 1955 464 2017 ad
490 1971 639 2052 regnum
658 1953 863 2033 pertinentia.
906 1954 1081 2016 Interdixit
1109 1953 1206 2016 etiarn
1241 1959 1305 2016 sub
1394 2013 1395 2022 ,

152 2086 159 2097 -
259 2043 486 2114 anathemate,
518 2059 563 2100 ne
592 2035 657 2112 illi,
691 2035 748 2117 qui
767 2052 842 2117 post
863 2059 943 2100 eum
963 2038 1000 2100 in
1023 2039 1198 2120 apostolica
1220 2039 1340 2138 sede,
1394 2065 1395 2068 ¹

261 2127 383 2220 sessuri
405 2138 496 2222 sunt,
518 2119 691 2205 audeant,
706 2139 821 2208 regem
844 2137 899 2186 aut
919 2143 1071 2207 regnum
1083 2123 1154 2205 eJ‘us
1176 2124 1307 2205 inqnie
1335 2139 1342 2156 ¹

261 2227 342 2278 tare
351 2231 451 2308 snper
455 2205 536 2271 hoc
556 2203 702 2314 negotio.

348 2329 395 2392 In
423 2307 689 2392 reconciliatione
717 2342 827 2392 autem
856 2349 943 2408 quae
970 2329 1053 2395 facta
1075 2339 1125 2392 est
1144 2308 1230 2402 inter
1242 2351 1306 2430 pa
1394 2339 1395 2342 ’

260 2433 339 2498 pam
360 2429 394 2478 ei
414 2413 657 2495 Imperatorem,
686 2433 742 2492 qul
770 2433 876 2495 ipsum
900 2435 1018 2494 papam
1041 2435 1117 2476 cum
1140 2415 1305 2497 episcopis
1394 2435 1395 2444 ³

260 2515 295 2568 ct
317 2497 535 2564 cardinalibus
558 2511 698 2581 ceperat,
719 2497 785 2560 hoc
806 2498 898 2565 fnit
885 2514 1111 2580 Juramentnm
1131 2499 1238 2582 regis:

346 2601 420 2684 Ego
442 2597 613 2664 Henricus
635 2618 705 2672 rex,
733 2579 802 2662 IV»
826 2601 882 2664 vel
903 2601 952 2662 V.
981 2599 1062 2664 feria
1090 2619 1249 2681 proxima,
1271 2601 1306 2664 lr

114 2666 118 2677 s
185 2687 192 2702 ³
259 2668 337 2750 bros
365 2685 525 2748 dimittam
554 2683 726 2746 dominum
747 2705 883 2766 papam,
921 2699 954 2748 et
980 2685 1156 2767 episcopos
1184 2702 1218 2749 et
1239 2708 1305 2750 car·

260 2770 386 2834 dinales
408 2782 442 2834 et
463 2757 579 2832 omn'es
605 2767 750 2850 captivos
772 2779 815 2832 et
826 2768 968 2845 obsides,
990 2784 1024 2860 et
1044 2791 1149 2852 papae
1174 2787 1207 2834 et
1224 2772 1306 2838 fide
1326 2844 1329 2855 Ι

259 2855 346 2918 libus
369 2854 456 2936 ejus,
490 2869 523 2918 et
544 2852 704 2916 Romanis
730 2875 846 2936 pacem
869 2869 903 2918 et
915 2850 1129 2962 securitatem
1139 2860 1305 2935 servabo,

195 3007 202 3022 ο
260 2955 328 3002 tam
349 2959 409 3021 per
431 2959 485 3002 me
515 2956 614 3018 qnam
636 2959 696 3020 per
717 2958 827 3014 meos,
860 2954 893 3003 et
914 2939 948 3002 in
970 2938 1127 3040 personis
1143 2956 1176 3004 et
1197 2941 1232 3004 in
1255 2965 1304 3006 re-

171 3039 173 3052 ’
258 3027 332 3100 bns,
354 3023 454 3105 eique
476 3023 653 3098 obediam,
662 3023 754 3086 salvo
771 3021 904 3087 honore
926 3012 1019 3106 regni
1040 3021 1127 3088 vel'
1118 3025 1259 3110 amperii.

277 3125 282 3190 .’
346 3127 427 3188 Hoc
461 3126 685 3207 juramentum
718 3117 910 3207 juraverant
948 3126 1047 3191 etiarn
1086 3124 1231 3260 episcopi
1270 3142 1304 3193 et

259 3209 432 3295 principes,
455 3211 578 3274 circiter
597 3210 702 3274 XIV.

345 3304 574 3380 iuramentum
603 3333 646 3376 ex
674 3326 765 3393 parte
792 3332 897 3394 papas
926 3313 991 3379 hoc
1025 3312 1102 3400 fuit.
1145 3313 1302 3378 dominus
1366 3374 1372 3380 ,

257 3417 344 3484 papa
372 3398 537 3473 Paschalis
565 3417 653 3459 non
663 3397 866 3496 inquietabit
885 3387 1058 3465 dominum
1090 3401 1203 3482 regern
1237 3421 1303 3466 nec
1336 3443 1347 3456 ι

186 3561 189 3566 ¹
258 3505 401 3568 regnum
430 3484 522 3570 ejus
530 3481 573 3546 de
601 3483 792 3544 investitura
814 3481 1061 3582 episcopatuum
1084 3486 1139 3548 vel
1162 3485 1303 3548 abbatia·

161 3627 165 3631 .
257 3587 342 3644 rum,
363 3589 474 3648 neque
497 3559 569 3630 ‹ie'
561 3565 677 3648 thuria
699 3566 758 3627 sibi
780 3581 812 3646 et
834 3566 898 3629 suis
921 3568 1039 3631 illata
1030 3589 1064 3629 ιιι
1087 3569 1246 3650 personis,
1263 3571 1301 3632 in

258 3654 365 3730 bonis,
382 3674 505 3734 neque
513 3653 638 3732 aliquot
655 3653 778 3730 malurn
793 3649 921 3716 reddet
928 3653 1007 3732 sibi,
1016 3653 1072 3716 vel
1084 3655 1178 3718 alicui
1192 3675 1301 3736 perso·

259 3759 322 3801 nae
345 3760 404 3821 pro
428 3739 489 3800 hac
511 3758 624 3810 causa3
647 3751 680 3799 et
700 3736 831 3818 penitus
852 3736 887 3800 in
909 3757 1082 3820 personam
1101 3741 1187 3823 regis
1205 3741 1301 3802 Hen

258 3822 313 3884 rici
336 3843 520 3904 numquam
542 3821 714 3886 anathema
736 3821 856 3895 mitten
890 3845 953 3886 nec
974 3825 1193 3888 remanebit
1184 3845 1220 3888 ιιι
1243 3827 1301 3888 do·

163 3976 167 3986 ,
256 3907 348 3969 ιιιίιιο
377 3915 476 3990 papa,
510 3903 591 3988 quin
617 3921 753 3970 coronet
781 3929 881 3984 eum,
917 3923 952 3971 et
971 3930 1112 3992 regnum
1142 3925 1176 3974 et
1197 3910 1305 3991 impe·

254 3994 350 4068 rium,
372 3994 492 4056 anxilio
509 3993 611 4109 officii
629 3993 688 4068 sui,
711 4011 790 4056 eum
805 4007 918 4058 tenere
936 3994 1102 4076 adjuvabit
1118 4016 1298 4080 proposse

1052 4098 1057 4106 ·
1221 4101 1295 4150 suo.
