<?xml version="1.0" encoding="UTF-8"?>
<!DOCTYPE html PUBLIC "-//W3C//DTD XHTML 1.0 Transitional//EN"
    "http://www.w3.org/TR/xhtml1/DTD/xhtml1-transitional.dtd">
<html xmlns="http://www.w3.org/1999/xhtml" xml:lang="en" lang="en">
 <head>
  <title>
</title>
<meta http-equiv="Content-Type" content="text/html;charset=utf-8" />
  <meta name='ocr-system' content='tesseract 3.04.00' />
  <meta name='ocr-capabilities' content='ocr_page ocr_carea ocr_par ocr_line ocrx_word'/>
</head>
<body>
  <div class='ocr_page' id='page_1' title='image "./handbuchmerkwrd00raumgoog_0263.png"; bbox 0 0 2792 4852; ppageno 0'>
   <div class='ocr_carea' id='block_1_1' title="bbox 25 401 350 560">
    <p class='ocr_par' dir='ltr' id='par_1_1' title="bbox 25 401 398 560">
     <span class='ocr_line' id='line_1_1' title="bbox 25 401 350 560; baseline -0.005 -28"><span class='ocrx_word' id='word_1_1' title='bbox 25 401 350 560; x_wconf 78' lang='grc' dir='ltr'> ιι56</span> 
     </span>
    </p>
   </div>
   <div class='ocr_carea' id='block_1_2' title="bbox 256 605 1379 899">
    <p class='ocr_par' dir='ltr' id='par_1_2' title="bbox 256 605 1379 899">
     <span class='ocr_line' id='line_1_2' title="bbox 273 605 1321 721; baseline 0.005 -15"><span class='ocrx_word' id='word_1_2' title='bbox 273 621 422 719; x_wconf 84' lang='lat' dir='ltr'>consilio,</span> <span class='ocrx_word' id='word_1_3' title='bbox 443 644 517 708; x_wconf 81' lang='lat' dir='ltr'>zelo</span> <span class='ocrx_word' id='word_1_4' title='bbox 529 640 604 707; x_wconf 87' lang='lat' dir='ltr'>Dei</span> <span class='ocrx_word' id='word_1_5' title='bbox 627 621 809 721; x_wconf 70' lang='grc' dir='ltr'>ιιιιιιιιιιιις</span> <span class='ocrx_word' id='word_1_6' title='bbox 819 605 1173 710; x_wconf 76' lang='lat' dir='ltr'>excommunicationis</span> <span class='ocrx_word' id='word_1_7' title='bbox 1190 653 1321 711; x_wconf 59' lang='lat' dir='ltr'>sentens</span> 
     </span>
     <span class='ocr_line' id='line_1_3' title="bbox 256 717 1321 814; baseline 0.004 -22"><span class='ocrx_word' id='word_1_8' title='bbox 256 731 354 792; x_wconf 75' lang='lat' dir='ltr'>vtiam</span> <span class='ocrx_word' id='word_1_9' title='bbox 376 717 518 806; x_wconf 89' lang='lat' dir='ltr'>dictavit,</span> <span class='ocrx_word' id='word_1_10' title='bbox 541 743 574 794; x_wconf 87' lang='lat' dir='ltr'>et</span> <span class='ocrx_word' id='word_1_11' title='bbox 596 728 769 795; x_wconf 87' lang='lat' dir='ltr'>eandem</span> <span class='ocrx_word' id='word_1_12' title='bbox 760 743 796 791; x_wconf 85' lang='grc' dir='ltr'>ιιι</span> <span class='ocrx_word' id='word_1_13' title='bbox 816 729 964 806; x_wconf 71' lang='lat' dir='ltr'>Graecia,</span> <span class='ocrx_word' id='word_1_14' title='bbox 986 729 1143 814; x_wconf 65' lang='lat' dir='ltr'>litigatis,</span> <span class='ocrx_word' id='word_1_15' title='bbox 1167 731 1321 810; x_wconf 75' lang='lat' dir='ltr'>Saxonis,</span> 
     </span>
     <span class='ocr_line' id='line_1_4' title="bbox 272 805 1379 899; baseline 0.002 -20"><span class='ocrx_word' id='word_1_16' title='bbox 272 811 498 897; x_wconf 86' lang='lat' dir='ltr'>Lotharingia‚</span> <span class='ocrx_word' id='word_1_17' title='bbox 520 805 687 878; x_wconf 82' lang='lat' dir='ltr'>Francia</span> <span class='ocrx_word' id='word_1_18' title='bbox 678 835 714 876; x_wconf 92' lang='grc' dir='ltr'>ιιι</span> <span class='ocrx_word' id='word_1_19' title='bbox 734 815 791 878; x_wconf 90' lang='lat' dir='ltr'>V.</span> <span class='ocrx_word' id='word_1_20' title='bbox 808 814 963 891; x_wconf 84' lang='lat' dir='ltr'>conciliis,</span> <span class='ocrx_word' id='word_1_21' title='bbox 986 815 1123 883; x_wconf 85' lang='lat' dir='ltr'>consilio</span> <span class='ocrx_word' id='word_1_22' title='bbox 1146 817 1324 899; x_wconf 87' lang='lat' dir='ltr'>praedicta</span> <span class='ocrx_word' id='word_1_23' title='bbox 1375 869 1379 894; x_wconf 30' lang='grc' dir='ltr'>ι</span> 
     </span>
    </p>
   </div>
   <div class='ocr_carea' id='block_1_3' title="bbox 4 899 1324 1083">
    <p class='ocr_par' dir='ltr' id='par_1_3' title="bbox 4 899 1323 1074">
     <span class='ocr_line' id='line_1_5' title="bbox 137 899 1323 975; baseline 0.004 -13"><span class='ocrx_word' id='word_1_24' title='bbox 137 957 140 962; x_wconf 85' lang='grc'>.</span> <span class='ocrx_word' id='word_1_25' title='bbox 185 957 187 967; x_wconf 26' lang='lat' dir='ltr'>t</span> <span class='ocrx_word' id='word_1_26' title='bbox 246 899 347 964; x_wconf 85' lang='lat' dir='ltr'>&#39;rum</span> <span class='ocrx_word' id='word_1_27' title='bbox 372 899 584 966; x_wconf 82' lang='lat' dir='ltr'>ecclesiarum</span> <span class='ocrx_word' id='word_1_28' title='bbox 605 899 801 962; x_wconf 84' lang='lat' dir='ltr'>renovando</span> <span class='ocrx_word' id='word_1_29' title='bbox 824 899 1047 974; x_wconf 79' lang='lat' dir='ltr'>&#39;confirmavit3</span> <span class='ocrx_word' id='word_1_30' title='bbox 1060 919 1174 973; x_wconf 83' lang='lat' dir='ltr'>orare</span> <span class='ocrx_word' id='word_1_31' title='bbox 1207 923 1245 966; x_wconf 89' lang='lat' dir='ltr'>se</span> <span class='ocrx_word' id='word_1_32' title='bbox 1262 905 1323 975; x_wconf 90' lang='lat' dir='ltr'>de·</span> 
     </span>
     <span class='ocr_line' id='line_1_6' title="bbox 4 948 1324 1083; baseline 0.002 -35"><span class='ocrx_word' id='word_1_33' title='bbox 4 978 6 994; x_wconf 77' lang='grc'><em>“</em></span> <span class='ocrx_word' id='word_1_34' title='bbox 207 1050 210 1056; x_wconf 76' lang='grc'><em>,</em></span> <span class='ocrx_word' id='word_1_35' title='bbox 272 1005 414 1072; x_wconf 81' lang='lat' dir='ltr'>mum,</span> <span class='ocrx_word' id='word_1_36' title='bbox 415 1001 452 1048; x_wconf 91' lang='lat' dir='ltr'>ut</span> <span class='ocrx_word' id='word_1_37' title='bbox 474 985 557 1046; x_wconf 90' lang='lat' dir='ltr'>sicut</span> <span class='ocrx_word' id='word_1_38' title='bbox 584 985 738 1048; x_wconf 88' lang='lat' dir='ltr'>dominus</span> <span class='ocrx_word' id='word_1_39' title='bbox 760 1003 852 1083; x_wconf 90' lang='lat' dir='ltr'>papa</span> <span class='ocrx_word' id='word_1_40' title='bbox 866 948 1068 1082; x_wconf 72' lang='lat' dir='ltr'><strong>legationem</strong></span> <span class='ocrx_word' id='word_1_41' title='bbox 1084 1007 1183 1050; x_wconf 81' lang='lat' dir='ltr'>suam</span> <span class='ocrx_word' id='word_1_42' title='bbox 1205 989 1324 1050; x_wconf 81' lang='lat' dir='ltr'>confir</span> 
     </span>
    </p>
   </div>
   <div class='ocr_carea' id='block_1_4' title="bbox 247 1049 1324 1170">
    <p class='ocr_par' dir='ltr' id='par_1_4' title="bbox 247 1049 1324 1170">
     <span class='ocr_line' id='line_1_7' title="bbox 247 1049 1324 1170; baseline 0.006 -39"><span class='ocrx_word' id='word_1_43' title='bbox 247 1049 414 1152; x_wconf 28' lang='lat' dir='ltr'>ornasset,</span> <span class='ocrx_word' id='word_1_44' title='bbox 441 1070 488 1134; x_wconf 84' lang='lat' dir='ltr'>ita</span> <span class='ocrx_word' id='word_1_45' title='bbox 516 1069 696 1152; x_wconf 83' lang='lat' dir='ltr'>praesentis</span> <span class='ocrx_word' id='word_1_46' title='bbox 726 1069 854 1131; x_wconf 90' lang='lat' dir='ltr'>concilii</span> <span class='ocrx_word' id='word_1_47' title='bbox 884 1088 990 1152; x_wconf 86' lang='lat' dir='ltr'>patres</span> <span class='ocrx_word' id='word_1_48' title='bbox 1021 1087 1054 1136; x_wconf 86' lang='lat' dir='ltr'>et</span> <span class='ocrx_word' id='word_1_49' title='bbox 1076 1071 1222 1170; x_wconf 84' lang='lat' dir='ltr'>episcopi</span> <span class='ocrx_word' id='word_1_50' title='bbox 1244 1093 1324 1137; x_wconf 85' lang='lat' dir='ltr'>con</span> 
     </span>
    </p>
   </div>
   <div class='ocr_carea' id='block_1_5' title="bbox 188 1146 1322 1232">
    <p class='ocr_par' dir='ltr' id='par_1_5' title="bbox 188 1146 1322 1232">
     <span class='ocr_line' id='line_1_8' title="bbox 188 1146 1322 1232; baseline 0.005 -16"><span class='ocrx_word' id='word_1_51' title='bbox 188 1154 194 1174; x_wconf 77' lang='lat'>&#39;</span> <span class='ocrx_word' id='word_1_52' title='bbox 272 1146 415 1230; x_wconf 82' lang='lat' dir='ltr'>corditer</span> <span class='ocrx_word' id='word_1_53' title='bbox 443 1171 657 1232; x_wconf 74' lang='lat' dir='ltr'>annuerent.</span> <span class='ocrx_word' id='word_1_54' title='bbox 693 1152 754 1220; x_wconf 89' lang='lat' dir='ltr'>Ad</span> <span class='ocrx_word' id='word_1_55' title='bbox 784 1157 931 1224; x_wconf 89' lang='lat' dir='ltr'>eundem</span> <span class='ocrx_word' id='word_1_56' title='bbox 956 1155 1110 1218; x_wconf 89' lang='lat' dir='ltr'>modum</span> <span class='ocrx_word' id='word_1_57' title='bbox 1127 1155 1255 1230; x_wconf 82' lang='lat' dir='ltr'>litterae</span> <span class='ocrx_word' id='word_1_58' title='bbox 1287 1171 1322 1222; x_wconf 91' lang='lat' dir='ltr'>et</span> 
     </span>
    </p>
   </div>
   <div class='ocr_carea' id='block_1_6' title="bbox 244 1221 1383 1592">
    <p class='ocr_par' dir='ltr' id='par_1_6' title="bbox 242 1221 1383 1581">
     <span class='ocr_line' id='line_1_9' title="bbox 244 1221 1383 1340; baseline 0.002 -36"><span class='ocrx_word' id='word_1_59' title='bbox 244 1255 246 1260; x_wconf 84' lang='grc'><strong>’</strong></span> <span class='ocrx_word' id='word_1_60' title='bbox 271 1241 372 1322; x_wconf 86' lang='lat' dir='ltr'>legati</span> <span class='ocrx_word' id='word_1_61' title='bbox 401 1239 528 1302; x_wconf 90' lang='lat' dir='ltr'>domini</span> <span class='ocrx_word' id='word_1_62' title='bbox 549 1221 755 1340; x_wconf 72' lang='lat' dir='ltr'>Viennensis</span> <span class='ocrx_word' id='word_1_63' title='bbox 778 1241 954 1327; x_wconf 86' lang='lat' dir='ltr'>postulant.</span> <span class='ocrx_word' id='word_1_64' title='bbox 997 1243 1091 1304; x_wconf 85' lang='lat' dir='ltr'>Dum</span> <span class='ocrx_word' id='word_1_65' title='bbox 1107 1241 1168 1309; x_wconf 80' lang='lat' dir='ltr'>tali</span> <span class='ocrx_word' id='word_1_66' title='bbox 1189 1242 1341 1307; x_wconf 52' lang='lat' dir='ltr'>ratione,</span> <span class='ocrx_word' id='word_1_67' title='bbox 1370 1255 1383 1270; x_wconf 76' lang='grc'>”</span> 
     </span>
     <span class='ocr_line' id='line_1_10' title="bbox 272 1319 1323 1404; baseline 0.006 -19.833"><span class='ocrx_word' id='word_1_68' title='bbox 272 1339 307 1390; x_wconf 91' lang='lat' dir='ltr'>et</span> <span class='ocrx_word' id='word_1_69' title='bbox 329 1324 456 1404; x_wconf 86' lang='lat' dir='ltr'>ordine,</span> <span class='ocrx_word' id='word_1_70' title='bbox 479 1338 545 1387; x_wconf 91' lang='lat' dir='ltr'>tam</span> <span class='ocrx_word' id='word_1_71' title='bbox 567 1325 676 1390; x_wconf 87' lang='lat' dir='ltr'>variae</span> <span class='ocrx_word' id='word_1_72' title='bbox 700 1337 743 1388; x_wconf 89' lang='lat' dir='ltr'>et</span> <span class='ocrx_word' id='word_1_73' title='bbox 754 1319 906 1388; x_wconf 85' lang='lat' dir='ltr'>dissonae</span> <span class='ocrx_word' id='word_1_74' title='bbox 928 1325 1142 1388; x_wconf 87' lang='lat' dir='ltr'>multitudinis</span> <span class='ocrx_word' id='word_1_75' title='bbox 1165 1331 1323 1390; x_wconf 84' lang='lat' dir='ltr'>assensus¹</span> 
     </span>
     <span class='ocr_line' id='line_1_11' title="bbox 272 1409 1320 1509; baseline 0.003 -36"><span class='ocrx_word' id='word_1_76' title='bbox 272 1409 462 1490; x_wconf 87' lang='lat' dir='ltr'>exquiritur,</span> <span class='ocrx_word' id='word_1_77' title='bbox 486 1431 504 1473; x_wconf 85' lang='lat' dir='ltr'>a</span> <span class='ocrx_word' id='word_1_78' title='bbox 524 1409 647 1474; x_wconf 88' lang='lat' dir='ltr'>&#39;saniori</span> <span class='ocrx_word' id='word_1_79' title='bbox 668 1426 758 1509; x_wconf 89' lang='lat' dir='ltr'>parte</span> <span class='ocrx_word' id='word_1_80' title='bbox 780 1411 915 1474; x_wconf 82' lang='lat' dir='ltr'>veritati</span> <span class='ocrx_word' id='word_1_81' title='bbox 930 1428 963 1476; x_wconf 89' lang='lat' dir='ltr'>et</span> <span class='ocrx_word' id='word_1_82' title='bbox 985 1415 1115 1494; x_wconf 81' lang='lat' dir='ltr'>apertae</span> <span class='ocrx_word' id='word_1_83' title='bbox 1132 1411 1252 1474; x_wconf 84' lang='lat' dir='ltr'>rationi</span> <span class='ocrx_word' id='word_1_84' title='bbox 1271 1412 1320 1500; x_wconf 88' lang='lat' dir='ltr'>nil</span> 
     </span>
     <span class='ocr_line' id='line_1_12' title="bbox 258 1490 1324 1592; baseline 0.006 -36"><span class='ocrx_word' id='word_1_85' title='bbox 258 1495 521 1570; x_wconf 40' lang='lat' dir='ltr'>*contradictum</span> <span class='ocrx_word' id='word_1_86' title='bbox 544 1514 563 1558; x_wconf 83' lang='grc' dir='ltr'>ι</span> <span class='ocrx_word' id='word_1_87' title='bbox 584 1499 696 1581; x_wconf 85' lang='lat' dir='ltr'>paucis</span> <span class='ocrx_word' id='word_1_88' title='bbox 718 1495 1020 1558; x_wconf 73' lang='lat' dir='ltr'>submurmuratum</span> <span class='ocrx_word' id='word_1_89' title='bbox 1043 1511 1119 1574; x_wconf 85' lang='lat' dir='ltr'>est,</span> <span class='ocrx_word' id='word_1_90' title='bbox 1130 1499 1169 1560; x_wconf 89' lang='lat' dir='ltr'>ab</span> <span class='ocrx_word' id='word_1_91' title='bbox 1193 1490 1324 1592; x_wconf 87' lang='lat' dir='ltr'>episco</span> 
     </span>
    </p>
   </div>
   <div class='ocr_carea' id='block_1_7' title="bbox 86 1573 1118 1701">
    <p class='ocr_par' dir='ltr' id='par_1_7' title="bbox 86 1573 1118 1701">
     <span class='ocr_line' id='line_1_13' title="bbox 86 1573 1118 1701; baseline -0.008 -54"><span class='ocrx_word' id='word_1_92' title='bbox 86 1592 109 1666; x_wconf 61' lang='lat' dir='ltr'>s</span> <span class='ocrx_word' id='word_1_93' title='bbox 160 1573 181 1648; x_wconf 72' lang='lat'>¹,</span> <span class='ocrx_word' id='word_1_94' title='bbox 272 1579 322 1662; x_wconf 89' lang='lat' dir='ltr'>pis</span> <span class='ocrx_word' id='word_1_95' title='bbox 346 1594 379 1646; x_wconf 86' lang='lat' dir='ltr'>et</span> <span class='ocrx_word' id='word_1_96' title='bbox 400 1579 569 1644; x_wconf 86' lang='lat' dir='ltr'>abbatibus</span> <span class='ocrx_word' id='word_1_97' title='bbox 591 1582 685 1644; x_wconf 89' lang='lat' dir='ltr'>nullo</span> <span class='ocrx_word' id='word_1_98' title='bbox 707 1581 810 1643; x_wconf 84' lang='lat' dir='ltr'>niodo</span> <span class='ocrx_word' id='word_1_99' title='bbox 824 1581 1043 1701; x_wconf 77' lang='lat' dir='ltr'>deciaratum.</span> <span class='ocrx_word' id='word_1_100' title='bbox 1114 1599 1118 1607; x_wconf 83' lang='grc'><strong>’</strong></span> 
     </span>
    </p>
   </div>
   <div class='ocr_carea' id='block_1_8' title="bbox 258 1741 1324 2010">
    <p class='ocr_par' dir='ltr' id='par_1_8' title="bbox 258 1741 1324 2007">
     <span class='ocr_line' id='line_1_14' title="bbox 258 1741 1324 1836; baseline 0.006 -23"><span class='ocrx_word' id='word_1_101' title='bbox 258 1779 262 1788; x_wconf 37' lang='grc' dir='ltr'>ι</span> <span class='ocrx_word' id='word_1_102' title='bbox 358 1751 398 1818; x_wconf 91' lang='lat' dir='ltr'>C</span> <span class='ocrx_word' id='word_1_103' title='bbox 440 1749 578 1814; x_wconf 86' lang='lat' dir='ltr'>Facto</span> <span class='ocrx_word' id='word_1_104' title='bbox 570 1745 667 1836; x_wconf 80' lang='lat' dir='ltr'>igitur</span> <span class='ocrx_word' id='word_1_105' title='bbox 687 1741 865 1815; x_wconf 85' lang='lat' dir='ltr'>universali</span> <span class='ocrx_word' id='word_1_106' title='bbox 895 1765 1065 1815; x_wconf 82' lang='lat' dir='ltr'>conventu</span> <span class='ocrx_word' id='word_1_107' title='bbox 1088 1751 1185 1836; x_wconf 91' lang='lat' dir='ltr'>apud</span> <span class='ocrx_word' id='word_1_108' title='bbox 1198 1757 1324 1819; x_wconf 85' lang='lat' dir='ltr'>urbem</span> 
     </span>
     <span class='ocr_line' id='line_1_15' title="bbox 260 1832 1321 1938; baseline 0.004 -40"><span class='ocrx_word' id='word_1_109' title='bbox 260 1832 523 1938; x_wconf 73' lang='lat' dir='ltr'>wangionum,</span> <span class='ocrx_word' id='word_1_110' title='bbox 551 1837 635 1898; x_wconf 87' lang='lat' dir='ltr'>sicut</span> <span class='ocrx_word' id='word_1_111' title='bbox 655 1837 833 1918; x_wconf 87' lang='lat' dir='ltr'>longum,</span> <span class='ocrx_word' id='word_1_112' title='bbox 825 1853 867 1898; x_wconf 82' lang='lat' dir='ltr'>tta</span> <span class='ocrx_word' id='word_1_113' title='bbox 890 1852 932 1901; x_wconf 90' lang='lat' dir='ltr'>et</span> <span class='ocrx_word' id='word_1_114' title='bbox 935 1837 1134 1902; x_wconf 86' lang='lat' dir='ltr'>incredibile</span> <span class='ocrx_word' id='word_1_115' title='bbox 1157 1849 1321 1928; x_wconf 80' lang='lat' dir='ltr'>meinora-</span> 
     </span>
     <span class='ocr_line' id='line_1_16' title="bbox 273 1921 1321 2010; baseline 0.004 -27"><span class='ocrx_word' id='word_1_116' title='bbox 273 1935 343 1984; x_wconf 81' lang='lat' dir='ltr'>turn</span> <span class='ocrx_word' id='word_1_117' title='bbox 367 1932 431 1997; x_wconf 87' lang='lat' dir='ltr'>est,</span> <span class='ocrx_word' id='word_1_118' title='bbox 464 1943 564 2008; x_wconf 77' lang='lat' dir='ltr'>quatu</span> <span class='ocrx_word' id='word_1_119' title='bbox 585 1923 749 2004; x_wconf 85' lang='lat' dir='ltr'>prudenti,</span> <span class='ocrx_word' id='word_1_120' title='bbox 772 1943 871 2002; x_wconf 90' lang='lat' dir='ltr'>quam</span> <span class='ocrx_word' id='word_1_121' title='bbox 894 1922 1041 2010; x_wconf 87' lang='lat' dir='ltr'>instanti,</span> <span class='ocrx_word' id='word_1_122' title='bbox 1066 1921 1233 2007; x_wconf 86' lang='lat' dir='ltr'>quamque</span> <span class='ocrx_word' id='word_1_123' title='bbox 1256 1945 1321 2006; x_wconf 86' lang='lat' dir='ltr'>per</span> 
     </span>
    </p>
   </div>
   <div class='ocr_carea' id='block_1_9' title="bbox 134 1993 1396 2095">
    <p class='ocr_par' dir='ltr' id='par_1_9' title="bbox 134 1993 1396 2095">
     <span class='ocr_line' id='line_1_17' title="bbox 134 1993 1396 2095; baseline 0 -26"><span class='ocrx_word' id='word_1_124' title='bbox 134 1993 180 2014; x_wconf 60' lang='grc'>”</span> <span class='ocrx_word' id='word_1_125' title='bbox 272 2005 385 2069; x_wconf 83' lang='grc' dir='ltr'>οιιιιιιι</span> <span class='ocrx_word' id='word_1_126' title='bbox 408 1997 548 2070; x_wconf 78' lang='lat' dir='ltr'>sollicito</span> <span class='ocrx_word' id='word_1_127' title='bbox 558 2023 764 2095; x_wconf 90' lang='lat' dir='ltr'>cunctorum</span> <span class='ocrx_word' id='word_1_128' title='bbox 783 2027 958 2094; x_wconf 84' lang='lat' dir='ltr'>procerum</span> <span class='ocrx_word' id='word_1_129' title='bbox 982 2003 1129 2084; x_wconf 75' lang='lat' dir='ltr'>consilio,</span> <span class='ocrx_word' id='word_1_130' title='bbox 1151 2030 1210 2090; x_wconf 91' lang='lat' dir='ltr'>pro</span> <span class='ocrx_word' id='word_1_131' title='bbox 1233 2031 1320 2092; x_wconf 87' lang='lat' dir='ltr'>pace</span> <span class='ocrx_word' id='word_1_132' title='bbox 1394 2066 1396 2069; x_wconf 84' lang='lat'>.</span> 
     </span>
    </p>
   </div>
   <div class='ocr_carea' id='block_1_10' title="bbox 271 2087 1322 2175">
    <p class='ocr_par' dir='ltr' id='par_1_10' title="bbox 271 2087 1322 2175">
     <span class='ocr_line' id='line_1_18' title="bbox 271 2087 1322 2175; baseline 0.003 -19"><span class='ocrx_word' id='word_1_133' title='bbox 271 2106 307 2156; x_wconf 84' lang='lat' dir='ltr'>et</span> <span class='ocrx_word' id='word_1_134' title='bbox 329 2089 514 2165; x_wconf 86' lang='lat' dir='ltr'>concordia,</span> <span class='ocrx_word' id='word_1_135' title='bbox 544 2111 605 2174; x_wconf 84' lang='lat' dir='ltr'>per</span> <span class='ocrx_word' id='word_1_136' title='bbox 625 2113 727 2154; x_wconf 89' lang='lat' dir='ltr'>unam</span> <span class='ocrx_word' id='word_1_137' title='bbox 756 2093 813 2154; x_wconf 88' lang='lat' dir='ltr'>vel</span> <span class='ocrx_word' id='word_1_138' title='bbox 841 2087 979 2175; x_wconf 85' lang='lat' dir='ltr'>amplius</span> <span class='ocrx_word' id='word_1_139' title='bbox 1008 2095 1227 2156; x_wconf 82' lang='lat' dir='ltr'>ebdomadam</span> <span class='ocrx_word' id='word_1_140' title='bbox 1252 2116 1322 2158; x_wconf 86' lang='lat' dir='ltr'>cer</span> 
     </span>
    </p>
   </div>
   <div class='ocr_carea' id='block_1_11' title="bbox 81 2175 1321 2277">
    <p class='ocr_par' dir='ltr' id='par_1_11' title="bbox 81 2165 1321 2277">
     <span class='ocr_line' id='line_1_19' title="bbox 81 2175 1321 2277; baseline 0.001 -36"><span class='ocrx_word' id='word_1_141' title='bbox 81 2246 84 2260; x_wconf 23' lang='grc' dir='ltr'><em>β</em></span> <span class='ocrx_word' id='word_1_142' title='bbox 123 2216 126 2230; x_wconf 58' lang='grc' dir='ltr'>ι</span> <span class='ocrx_word' id='word_1_143' title='bbox 271 2184 392 2241; x_wconf 78' lang='lat' dir='ltr'>tatum</span> <span class='ocrx_word' id='word_1_144' title='bbox 396 2175 445 2250; x_wconf 91' lang='lat' dir='ltr'>sit,</span> <span class='ocrx_word' id='word_1_145' title='bbox 468 2175 601 2240; x_wconf 87' lang='lat' dir='ltr'>donec</span> <span class='ocrx_word' id='word_1_146' title='bbox 592 2197 673 2258; x_wconf 85' lang='lat' dir='ltr'>ipse,</span> <span class='ocrx_word' id='word_1_147' title='bbox 695 2177 734 2239; x_wconf 92' lang='lat' dir='ltr'>in</span> <span class='ocrx_word' id='word_1_148' title='bbox 753 2178 845 2258; x_wconf 71' lang='lat' dir='ltr'>cujus</span> <span class='ocrx_word' id='word_1_149' title='bbox 868 2198 969 2238; x_wconf 86' lang='lat' dir='ltr'>manu</span> <span class='ocrx_word' id='word_1_150' title='bbox 992 2199 1049 2239; x_wconf 89' lang='lat' dir='ltr'>cor</span> <span class='ocrx_word' id='word_1_151' title='bbox 1064 2199 1147 2277; x_wconf 79' lang='lat' dir='ltr'>regis</span> <span class='ocrx_word' id='word_1_152' title='bbox 1167 2195 1226 2254; x_wconf 90' lang='lat' dir='ltr'>est,</span> <span class='ocrx_word' id='word_1_153' title='bbox 1249 2202 1321 2242; x_wconf 90' lang='lat' dir='ltr'>om-</span> 
     </span>
    </p>
   </div>
   <div class='ocr_carea' id='block_1_12' title="bbox 181 2261 1395 2957">
    <p class='ocr_par' dir='ltr' id='par_1_12' title="bbox 181 2261 1395 2942">
     <span class='ocr_line' id='line_1_20' title="bbox 270 2261 1323 2364; baseline 0.008 -40"><span class='ocrx_word' id='word_1_154' title='bbox 270 2269 376 2325; x_wconf 81' lang='lat' dir='ltr'>irem</span> <span class='ocrx_word' id='word_1_155' title='bbox 384 2262 622 2325; x_wconf 81' lang='lat' dir='ltr'>animositatem</span> <span class='ocrx_word' id='word_1_156' title='bbox 655 2261 859 2362; x_wconf 81' lang='lat' dir='ltr'>imperatoris</span> <span class='ocrx_word' id='word_1_157' title='bbox 894 2265 954 2322; x_wconf 91' lang='lat' dir='ltr'>sub</span> <span class='ocrx_word' id='word_1_158' title='bbox 994 2264 1217 2364; x_wconf 35' lang='lat' dir='ltr'>apostolicam·</span> <span class='ocrx_word' id='word_1_159' title='bbox 1239 2265 1323 2332; x_wconf 88' lang='lat' dir='ltr'>obe·.</span> 
     </span>
     <span class='ocr_line' id='line_1_21' title="bbox 220 2341 1321 2432; baseline 0.007 -28"><span class='ocrx_word' id='word_1_160' title='bbox 220 2401 230 2421; x_wconf 58' lang='lat'>,</span> <span class='ocrx_word' id='word_1_161' title='bbox 270 2341 429 2410; x_wconf 85' lang='lat' dir='ltr'>dientiam</span> <span class='ocrx_word' id='word_1_162' title='bbox 452 2367 549 2410; x_wconf 89' lang='lat' dir='ltr'>causa</span> <span class='ocrx_word' id='word_1_163' title='bbox 572 2347 679 2410; x_wconf 89' lang='lat' dir='ltr'>matris</span> <span class='ocrx_word' id='word_1_164' title='bbox 702 2347 877 2422; x_wconf 85' lang='lat' dir='ltr'>ecclesiae,</span> <span class='ocrx_word' id='word_1_165' title='bbox 906 2345 1002 2410; x_wconf 84' lang='lat' dir='ltr'>etiam</span> <span class='ocrx_word' id='word_1_166' title='bbox 1028 2350 1110 2410; x_wconf 88' lang='lat' dir='ltr'>ultra</span> <span class='ocrx_word' id='word_1_167' title='bbox 1130 2349 1225 2430; x_wconf 77' lang='lat' dir='ltr'>speni</span> <span class='ocrx_word' id='word_1_168' title='bbox 1248 2351 1321 2432; x_wconf 92' lang='lat' dir='ltr'>plu</span> 
     </span>
     <span class='ocr_line' id='line_1_22' title="bbox 268 2431 1320 2532; baseline 0.004 -37"><span class='ocrx_word' id='word_1_169' title='bbox 268 2431 430 2495; x_wconf 82' lang='lat' dir='ltr'>rimorum</span> <span class='ocrx_word' id='word_1_170' title='bbox 459 2432 601 2507; x_wconf 82' lang='lat' dir='ltr'>inflexit3</span> <span class='ocrx_word' id='word_1_171' title='bbox 636 2453 789 2521; x_wconf 81' lang='lat' dir='ltr'>moxque</span> <span class='ocrx_word' id='word_1_172' title='bbox 814 2434 853 2519; x_wconf 86' lang='lat' dir='ltr'>ab</span> <span class='ocrx_word' id='word_1_173' title='bbox 884 2431 1060 2513; x_wconf 87' lang='lat' dir='ltr'>apostolica</span> <span class='ocrx_word' id='word_1_174' title='bbox 1088 2433 1173 2497; x_wconf 84' lang='lat' dir='ltr'>sedis</span> <span class='ocrx_word' id='word_1_175' title='bbox 1196 2435 1320 2532; x_wconf 86' lang='lat' dir='ltr'>apocri·</span> 
     </span>
     <span class='ocr_line' id='line_1_23' title="bbox 269 2509 1319 2616; baseline 0.002 -34"><span class='ocrx_word' id='word_1_176' title='bbox 269 2515 373 2582; x_wconf 73' lang='lat' dir='ltr'>ciariis</span> <span class='ocrx_word' id='word_1_177' title='bbox 391 2518 429 2580; x_wconf 88' lang='lat' dir='ltr'>in</span> <span class='ocrx_word' id='word_1_178' title='bbox 452 2517 725 2585; x_wconf 86' lang='lat' dir='ltr'>communionem</span> <span class='ocrx_word' id='word_1_179' title='bbox 752 2513 903 2598; x_wconf 89' lang='lat' dir='ltr'>receptus</span> <span class='ocrx_word' id='word_1_180' title='bbox 937 2533 1003 2582; x_wconf 83' lang='lat' dir='ltr'>tarn</span> <span class='ocrx_word' id='word_1_181' title='bbox 1013 2517 1101 2616; x_wconf 86' lang='lat' dir='ltr'>ipse</span> <span class='ocrx_word' id='word_1_182' title='bbox 1127 2509 1319 2601; x_wconf 80' lang='lat' dir='ltr'>impertitor,</span> 
     </span>
     <span class='ocr_line' id='line_1_24' title="bbox 181 2601 1359 2706; baseline 0.003 -40"><span class='ocrx_word' id='word_1_183' title='bbox 181 2623 183 2630; x_wconf 54' lang='lat'>‘</span> <span class='ocrx_word' id='word_1_184' title='bbox 214 2617 219 2627; x_wconf 83' lang='grc'><strong>“</strong></span> <span class='ocrx_word' id='word_1_185' title='bbox 246 2609 371 2702; x_wconf 83' lang='lat' dir='ltr'>&#39;quam</span> <span class='ocrx_word' id='word_1_186' title='bbox 394 2603 568 2666; x_wconf 86' lang='lat' dir='ltr'>universus</span> <span class='ocrx_word' id='word_1_187' title='bbox 592 2603 652 2666; x_wconf 87' lang='lat' dir='ltr'>sibi</span> <span class='ocrx_word' id='word_1_188' title='bbox 674 2603 837 2684; x_wconf 85' lang='lat' dir='ltr'>subjectus</span> <span class='ocrx_word' id='word_1_189' title='bbox 856 2604 1026 2694; x_wconf 81' lang='lat' dir='ltr'>exercitus,</span> <span class='ocrx_word' id='word_1_190' title='bbox 1047 2601 1151 2666; x_wconf 89' lang='lat' dir='ltr'>immo</span> <span class='ocrx_word' id='word_1_191' title='bbox 1168 2605 1320 2706; x_wconf 76' lang='lat' dir='ltr'>generali</span> <span class='ocrx_word' id='word_1_192' title='bbox 1358 2631 1359 2634; x_wconf 42' lang='lat'>¹</span> 
     </span>
     <span class='ocr_line' id='line_1_25' title="bbox 268 2672 1357 2772; baseline 0.001 -19"><span class='ocrx_word' id='word_1_193' title='bbox 268 2687 480 2753; x_wconf 72' lang='lat' dir='ltr'>absolutione</span> <span class='ocrx_word' id='word_1_194' title='bbox 502 2689 625 2750; x_wconf 86' lang='lat' dir='ltr'>cunctis</span> <span class='ocrx_word' id='word_1_195' title='bbox 648 2688 713 2750; x_wconf 89' lang='lat' dir='ltr'>hoc</span> <span class='ocrx_word' id='word_1_196' title='bbox 727 2689 906 2752; x_wconf 86' lang='lat' dir='ltr'>schismate</span> <span class='ocrx_word' id='word_1_197' title='bbox 930 2672 1074 2772; x_wconf 84' lang='lat' dir='ltr'>pollutis,</span> <span class='ocrx_word' id='word_1_198' title='bbox 1098 2709 1159 2770; x_wconf 89' lang='lat' dir='ltr'>per</span> <span class='ocrx_word' id='word_1_199' title='bbox 1180 2690 1320 2754; x_wconf 85' lang='lat' dir='ltr'>auctori</span> <span class='ocrx_word' id='word_1_200' title='bbox 1346 2743 1357 2768; x_wconf 45' lang='lat' dir='ltr'><em>s</em></span> 
     </span>
     <span class='ocr_line' id='line_1_26' title="bbox 207 2767 1318 2873; baseline 0.005 -39"><span class='ocrx_word' id='word_1_201' title='bbox 207 2827 209 2834; x_wconf 84' lang='lat'>.</span> <span class='ocrx_word' id='word_1_202' title='bbox 268 2791 370 2837; x_wconf 88' lang='lat' dir='ltr'>tatem</span> <span class='ocrx_word' id='word_1_203' title='bbox 389 2767 606 2873; x_wconf 82' lang='lat' dir='ltr'>apostolicam</span> <span class='ocrx_word' id='word_1_204' title='bbox 634 2775 733 2848; x_wconf 85' lang='lat' dir='ltr'>facta,</span> <span class='ocrx_word' id='word_1_205' title='bbox 767 2772 913 2854; x_wconf 88' lang='lat' dir='ltr'>qualiter·</span> <span class='ocrx_word' id='word_1_206' title='bbox 928 2773 1192 2843; x_wconf 85' lang='lat' dir='ltr'>ecclesiasticas</span> <span class='ocrx_word' id='word_1_207' title='bbox 1183 2775 1318 2840; x_wconf 82' lang='lat' dir='ltr'>investi</span> 
     </span>
     <span class='ocr_line' id='line_1_27' title="bbox 205 2857 1395 2957; baseline -0.003 -35"><span class='ocrx_word' id='word_1_208' title='bbox 205 2890 211 2893; x_wconf 55' lang='lat'><strong><em>¹</em></strong></span> <span class='ocrx_word' id='word_1_209' title='bbox 268 2873 367 2933; x_wconf 74' lang='lat' dir='ltr'>suras,</span> <span class='ocrx_word' id='word_1_210' title='bbox 399 2874 593 2938; x_wconf 87' lang='lat' dir='ltr'>caeteraque</span> <span class='ocrx_word' id='word_1_211' title='bbox 617 2857 791 2957; x_wconf 84' lang='lat' dir='ltr'>spiritualia</span> <span class='ocrx_word' id='word_1_212' title='bbox 812 2857 961 2940; x_wconf 84' lang='lat' dir='ltr'>negotia,</span> <span class='ocrx_word' id='word_1_213' title='bbox 995 2879 1081 2941; x_wconf 84' lang='lat' dir='ltr'>quae</span> <span class='ocrx_word' id='word_1_214' title='bbox 1114 2872 1220 2954; x_wconf 82' lang='lat' dir='ltr'>tauto·</span> <span class='ocrx_word' id='word_1_215' title='bbox 1236 2875 1320 2926; x_wconf 66' lang='lat' dir='ltr'>tem·</span> <span class='ocrx_word' id='word_1_216' title='bbox 1394 2915 1395 2918; x_wconf 74' lang='grc'>,</span> 
     </span>
    </p>
   </div>
   <div class='ocr_carea' id='block_1_13' title="bbox 183 2941 1318 3028">
    <p class='ocr_par' dir='ltr' id='par_1_13' title="bbox 183 2941 1318 3028">
     <span class='ocr_line' id='line_1_28' title="bbox 183 2941 1318 3028; baseline 0.003 -22"><span class='ocrx_word' id='word_1_217' title='bbox 183 3000 203 3026; x_wconf 11' lang='lat' dir='ltr'>y,</span> <span class='ocrx_word' id='word_1_218' title='bbox 266 2956 350 3027; x_wconf 88' lang='lat' dir='ltr'>pore</span> <span class='ocrx_word' id='word_1_219' title='bbox 380 2963 474 3024; x_wconf 81' lang='lat' dir='ltr'>reges</span> <span class='ocrx_word' id='word_1_220' title='bbox 497 2943 673 3008; x_wconf 85' lang='lat' dir='ltr'>Teutonici</span> <span class='ocrx_word' id='word_1_221' title='bbox 702 2941 1021 3028; x_wconf 80' lang='lat' dir='ltr'>administraverant,</span> <span class='ocrx_word' id='word_1_222' title='bbox 1042 2949 1203 3026; x_wconf 85' lang='lat' dir='ltr'>quaeque</span> <span class='ocrx_word' id='word_1_223' title='bbox 1231 2944 1318 3026; x_wconf 82' lang='lat' dir='ltr'>ipss,</span> 
     </span>
    </p>
   </div>
   <div class='ocr_carea' id='block_1_14' title="bbox 266 3023 1317 3112">
    <p class='ocr_par' dir='ltr' id='par_1_14' title="bbox 266 3023 1317 3112">
     <span class='ocr_line' id='line_1_29' title="bbox 266 3023 1317 3112; baseline 0.002 -18"><span class='ocrx_word' id='word_1_224' title='bbox 266 3048 312 3094; x_wconf 85' lang='lat' dir='ltr'>ne</span> <span class='ocrx_word' id='word_1_225' title='bbox 341 3029 434 3112; x_wconf 84' lang='lat' dir='ltr'>regni</span> <span class='ocrx_word' id='word_1_226' title='bbox 461 3025 714 3092; x_wconf 84' lang='lat' dir='ltr'>imminueretur</span> <span class='ocrx_word' id='word_1_227' title='bbox 729 3023 867 3101; x_wconf 91' lang='lat' dir='ltr'>honor,</span> <span class='ocrx_word' id='word_1_228' title='bbox 901 3048 1073 3110; x_wconf 87' lang='lat' dir='ltr'>nunquam</span> <span class='ocrx_word' id='word_1_229' title='bbox 1100 3029 1171 3094; x_wconf 85' lang='lat' dir='ltr'>vita</span> <span class='ocrx_word' id='word_1_230' title='bbox 1192 3030 1317 3096; x_wconf 82' lang='lat' dir='ltr'>comite</span> 
     </span>
    </p>
   </div>
   <div class='ocr_carea' id='block_1_15' title="bbox 135 3107 1320 3381">
    <p class='ocr_par' dir='ltr' id='par_1_15' title="bbox 135 3107 1320 3370">
     <span class='ocr_line' id='line_1_30' title="bbox 164 3107 1320 3216; baseline 0.002 -38"><span class='ocrx_word' id='word_1_231' title='bbox 164 3107 165 3111; x_wconf 29' lang='lat'>¹</span> <span class='ocrx_word' id='word_1_232' title='bbox 216 3141 219 3147; x_wconf 92' lang='lat'>·</span> <span class='ocrx_word' id='word_1_233' title='bbox 267 3113 305 3178; x_wconf 77' lang='lat' dir='ltr'>se</span> <span class='ocrx_word' id='word_1_234' title='bbox 336 3114 546 3176; x_wconf 83' lang='lat' dir='ltr'>dimissurum</span> <span class='ocrx_word' id='word_1_235' title='bbox 562 3121 799 3216; x_wconf 83' lang='lat' dir='ltr'>proposuerat.</span> <span class='ocrx_word' id='word_1_236' title='bbox 848 3115 1051 3178; x_wconf 88' lang='lat' dir='ltr'>Humiliatus</span> <span class='ocrx_word' id='word_1_237' title='bbox 1079 3135 1149 3214; x_wconf 89' lang='lat' dir='ltr'>pro</span> <span class='ocrx_word' id='word_1_238' title='bbox 1173 3113 1320 3195; x_wconf 85' lang='lat' dir='ltr'>Christo,</span> 
     </span>
     <span class='ocr_line' id='line_1_31' title="bbox 175 3195 1317 3296; baseline 0.001 -32"><span class='ocrx_word' id='word_1_239' title='bbox 175 3268 177 3273; x_wconf 67' lang='grc'><strong>,</strong></span> <span class='ocrx_word' id='word_1_240' title='bbox 238 3203 378 3289; x_wconf 21' lang='lat' dir='ltr'>&#39;coram</span> <span class='ocrx_word' id='word_1_241' title='bbox 408 3195 619 3263; x_wconf 86' lang='lat' dir='ltr'>multitudine</span> <span class='ocrx_word' id='word_1_242' title='bbox 647 3200 803 3262; x_wconf 83' lang='lat' dir='ltr'>maxima.</span> <span class='ocrx_word' id='word_1_243' title='bbox 815 3199 1048 3296; x_wconf 81' lang='lat' dir='ltr'>abnegaverit,</span> <span class='ocrx_word' id='word_1_244' title='bbox 1084 3197 1174 3264; x_wconf 81' lang='lat' dir='ltr'>etin</span> <span class='ocrx_word' id='word_1_245' title='bbox 1195 3221 1317 3265; x_wconf 83' lang='lat' dir='ltr'>manus</span> 
     </span>
     <span class='ocr_line' id='line_1_32' title="bbox 135 3279 1317 3381; baseline 0.002 -32"><span class='ocrx_word' id='word_1_246' title='bbox 135 3299 146 3306; x_wconf 85' lang='lat'><strong><em>‘</em></strong></span> <span class='ocrx_word' id='word_1_247' title='bbox 231 3285 234 3290; x_wconf 65' lang='grc'><strong>”</strong></span> <span class='ocrx_word' id='word_1_248' title='bbox 265 3279 415 3370; x_wconf 84' lang='lat' dir='ltr'>episcopi</span> <span class='ocrx_word' id='word_1_249' title='bbox 438 3285 599 3348; x_wconf 85' lang='lat' dir='ltr'>Ostiensis</span> <span class='ocrx_word' id='word_1_250' title='bbox 629 3305 665 3346; x_wconf 90' lang='lat' dir='ltr'>ac</span> <span class='ocrx_word' id='word_1_251' title='bbox 693 3307 756 3380; x_wconf 89' lang='lat' dir='ltr'>per</span> <span class='ocrx_word' id='word_1_252' title='bbox 780 3283 907 3381; x_wconf 37' lang='lat' dir='ltr'>ipsum.</span> <span class='ocrx_word' id='word_1_253' title='bbox 920 3285 1073 3348; x_wconf 90' lang='lat' dir='ltr'>Domino</span> <span class='ocrx_word' id='word_1_254' title='bbox 1096 3299 1209 3348; x_wconf 89' lang='lat' dir='ltr'>nostro</span> <span class='ocrx_word' id='word_1_255' title='bbox 1231 3288 1317 3351; x_wconf 84' lang='lat' dir='ltr'>Jesu</span> 
     </span>
    </p>
   </div>
   <div class='ocr_carea' id='block_1_16' title="bbox 32 4024 1359 4162">
    <p class='ocr_par' dir='ltr' id='par_1_16' title="bbox 32 4024 1359 4162">
     <span class='ocr_line' id='line_1_33' title="bbox 32 4024 1359 4162; baseline -0.02 -35"><span class='ocrx_word' id='word_1_256' title='bbox 32 4033 36 4041; x_wconf 27' lang='grc' dir='ltr'>Ι</span> <span class='ocrx_word' id='word_1_257' title='bbox 108 4024 112 4032; x_wconf 31' lang='lat'><em>⁷</em></span> <span class='ocrx_word' id='word_1_258' title='bbox 158 4141 163 4148; x_wconf 15' lang='lat' dir='ltr'>x</span> <span class='ocrx_word' id='word_1_259' title='bbox 205 4056 224 4105; x_wconf 61' lang='grc' dir='ltr'><em>ί</em></span> <span class='ocrx_word' id='word_1_260' title='bbox 265 4052 398 4160; x_wconf 81' lang='lat' dir='ltr'>Paulo,</span> <span class='ocrx_word' id='word_1_261' title='bbox 411 4035 610 4134; x_wconf 72' lang='lat' dir='ltr'>sanctaeque</span> <span class='ocrx_word' id='word_1_262' title='bbox 632 4051 810 4162; x_wconf 82' lang='lat' dir='ltr'>catholicae</span> <span class='ocrx_word' id='word_1_263' title='bbox 833 4052 1002 4134; x_wconf 77' lang='lat' dir='ltr'>ecclesiae,</span> <span class='ocrx_word' id='word_1_264' title='bbox 1024 4073 1163 4124; x_wconf 71' lang='lat' dir='ltr'>omnem</span> <span class='ocrx_word' id='word_1_265' title='bbox 1179 4052 1359 4121; x_wconf 83' lang='lat' dir='ltr'>m‘vesti-</span> 
     </span>
    </p>
   </div>
   <div class='ocr_carea' id='block_1_17' title="bbox 186 3365 1374 4050">
    <p class='ocr_par' dir='ltr' id='par_1_17' title="bbox 186 3365 1374 4050">
     <span class='ocr_line' id='line_1_34' title="bbox 186 3365 1317 3468; baseline 0.001 -34"><span class='ocrx_word' id='word_1_266' title='bbox 186 3385 192 3401; x_wconf 66' lang='lat'>*</span> <span class='ocrx_word' id='word_1_267' title='bbox 261 3372 414 3468; x_wconf 80' lang='lat' dir='ltr'>-Claristo,</span> <span class='ocrx_word' id='word_1_268' title='bbox 438 3377 586 3450; x_wconf 85' lang='lat' dir='ltr'>suaeque</span> <span class='ocrx_word' id='word_1_269' title='bbox 608 3369 645 3431; x_wconf 86' lang='lat' dir='ltr'>in</span> <span class='ocrx_word' id='word_1_270' title='bbox 666 3365 899 3452; x_wconf 80' lang='lat' dir='ltr'>perpetuumJ</span> <span class='ocrx_word' id='word_1_271' title='bbox 903 3387 941 3431; x_wconf 91' lang='lat' dir='ltr'>us</span> <span class='ocrx_word' id='word_1_272' title='bbox 965 3365 1123 3434; x_wconf 80' lang='lat' dir='ltr'>ecciesiae</span> <span class='ocrx_word' id='word_1_273' title='bbox 1147 3369 1317 3449; x_wconf 87' lang='lat' dir='ltr'>dimiserit,</span> 
     </span>
     <span class='ocr_line' id='line_1_35' title="bbox 265 3392 1374 3556; baseline 0.003 -37"><span class='ocrx_word' id='word_1_274' title='bbox 265 3455 464 3556; x_wconf 70' lang='lat' dir='ltr'>rursumque</span> <span class='ocrx_word' id='word_1_275' title='bbox 487 3457 601 3535; x_wconf 87' lang='lat' dir='ltr'>qualia</span> <span class='ocrx_word' id='word_1_276' title='bbox 618 3453 678 3516; x_wconf 88' lang='lat' dir='ltr'>sibi</span> <span class='ocrx_word' id='word_1_277' title='bbox 700 3457 742 3516; x_wconf 92' lang='lat' dir='ltr'>ob</span> <span class='ocrx_word' id='word_1_278' title='bbox 765 3392 926 3518; x_wconf 76' lang='lat' dir='ltr'>honorein</span> <span class='ocrx_word' id='word_1_279' title='bbox 946 3455 1038 3548; x_wconf 87' lang='lat' dir='ltr'>regni</span> <span class='ocrx_word' id='word_1_280' title='bbox 1058 3458 1320 3533; x_wconf 78' lang='lat' dir='ltr'>observandum,</span> <span class='ocrx_word' id='word_1_281' title='bbox 1361 3506 1374 3522; x_wconf 52' lang='grc' dir='ltr'>ι</span> 
     </span>
     <span class='ocr_line' id='line_1_36' title="bbox 220 3535 1317 3623; baseline 0 -17"><span class='ocrx_word' id='word_1_282' title='bbox 220 3551 226 3560; x_wconf 86' lang='grc'><em>“</em></span> <span class='ocrx_word' id='word_1_283' title='bbox 266 3535 439 3606; x_wconf 80' lang='grc' dir='ltr'>ιιιιιόιιιιι</span> <span class='ocrx_word' id='word_1_284' title='bbox 462 3539 644 3622; x_wconf 78' lang='lat' dir='ltr'>apostolica¹</span> <span class='ocrx_word' id='word_1_285' title='bbox 662 3537 929 3615; x_wconf 59' lang='lat' dir='ltr'>concesserim</span> <span class='ocrx_word' id='word_1_286' title='bbox 907 3541 1092 3622; x_wconf 85' lang='lat' dir='ltr'>utriusque</span> <span class='ocrx_word' id='word_1_287' title='bbox 1100 3541 1201 3623; x_wconf 81' lang='lat' dir='ltr'>partis</span> <span class='ocrx_word' id='word_1_288' title='bbox 1224 3542 1317 3608; x_wconf 89' lang='lat' dir='ltr'>meli</span> 
     </span>
     <span class='ocr_line' id='line_1_37' title="bbox 265 3616 1081 3706; baseline 0.001 -16"><span class='ocrx_word' id='word_1_289' title='bbox 265 3647 305 3690; x_wconf 87' lang='lat' dir='ltr'>us</span> <span class='ocrx_word' id='word_1_290' title='bbox 323 3627 519 3692; x_wconf 85' lang='lat' dir='ltr'>edocebunt</span> <span class='ocrx_word' id='word_1_291' title='bbox 540 3627 652 3688; x_wconf 91' lang='lat' dir='ltr'>subter</span> <span class='ocrx_word' id='word_1_292' title='bbox 674 3616 826 3688; x_wconf 81' lang='lat' dir='ltr'>amiotata</span> <span class='ocrx_word' id='word_1_293' title='bbox 849 3624 1011 3706; x_wconf 75' lang='lat' dir='ltr'>scripta</span> <span class='ocrx_word' id='word_1_294' title='bbox 1077 3691 1081 3697; x_wconf 83' lang='grc'><strong>,</strong></span> 
     </span>
     <span class='ocr_line' id='line_1_38' title="bbox 350 3709 1316 3794; baseline 0.001 -20"><span class='ocrx_word' id='word_1_295' title='bbox 350 3713 432 3794; x_wconf 79' lang='lat' dir='ltr'>Ego</span> <span class='ocrx_word' id='word_1_296' title='bbox 455 3709 631 3772; x_wconf 87' lang='lat' dir='ltr'>Henricus</span> <span class='ocrx_word' id='word_1_297' title='bbox 652 3709 719 3774; x_wconf 89' lang='lat' dir='ltr'>Dei</span> <span class='ocrx_word' id='word_1_298' title='bbox 741 3711 851 3793; x_wconf 86' lang='lat' dir='ltr'>gratia,</span> <span class='ocrx_word' id='word_1_299' title='bbox 865 3711 1127 3776; x_wconf 82' lang='lat' dir='ltr'>Romanorum</span> <span class='ocrx_word' id='word_1_300' title='bbox 1137 3709 1316 3794; x_wconf 84' lang='lat' dir='ltr'>imperator</span> 
     </span>
     <span class='ocr_line' id='line_1_39' title="bbox 246 3788 1316 3880; baseline 0 -18"><span class='ocrx_word' id='word_1_301' title='bbox 246 3811 299 3872; x_wconf 37' lang='lat' dir='ltr'>,et</span> <span class='ocrx_word' id='word_1_302' title='bbox 322 3811 490 3880; x_wconf 86' lang='lat' dir='ltr'>augustus,</span> <span class='ocrx_word' id='word_1_303' title='bbox 512 3814 571 3875; x_wconf 89' lang='lat' dir='ltr'>pro</span> <span class='ocrx_word' id='word_1_304' title='bbox 595 3817 706 3860; x_wconf 89' lang='lat' dir='ltr'>amore</span> <span class='ocrx_word' id='word_1_305' title='bbox 724 3797 792 3859; x_wconf 91' lang='lat' dir='ltr'>Dei</span> <span class='ocrx_word' id='word_1_306' title='bbox 814 3809 848 3859; x_wconf 87' lang='lat' dir='ltr'>et</span> <span class='ocrx_word' id='word_1_307' title='bbox 869 3788 1004 3862; x_wconf 77' lang='lat' dir='ltr'>sanstae</span> <span class='ocrx_word' id='word_1_308' title='bbox 1017 3793 1189 3874; x_wconf 81' lang='lat' dir='ltr'>Romanae</span> <span class='ocrx_word' id='word_1_309' title='bbox 1213 3800 1316 3862; x_wconf 88' lang='lat' dir='ltr'>eccle·</span> 
     </span>
     <span class='ocr_line' id='line_1_40' title="bbox 207 3863 1316 3980; baseline 0.005 -40"><span class='ocrx_word' id='word_1_310' title='bbox 207 3923 212 3940; x_wconf 50' lang='lat' dir='ltr'>t</span> <span class='ocrx_word' id='word_1_311' title='bbox 258 3881 342 3946; x_wconf 84' lang='lat' dir='ltr'>¹siae</span> <span class='ocrx_word' id='word_1_312' title='bbox 363 3895 398 3946; x_wconf 88' lang='lat' dir='ltr'>et</span> <span class='ocrx_word' id='word_1_313' title='bbox 428 3881 594 3950; x_wconf 85' lang='lat' dir='ltr'>domini</span> <span class='ocrx_word' id='word_1_314' title='bbox 584 3901 700 3962; x_wconf 87' lang='lat' dir='ltr'>papae</span> <span class='ocrx_word' id='word_1_315' title='bbox 713 3881 840 3980; x_wconf 83' lang='lat' dir='ltr'>Calixti,</span> <span class='ocrx_word' id='word_1_316' title='bbox 870 3895 903 3944; x_wconf 88' lang='lat' dir='ltr'>et</span> <span class='ocrx_word' id='word_1_317' title='bbox 931 3903 990 3964; x_wconf 90' lang='lat' dir='ltr'>pro</span> <span class='ocrx_word' id='word_1_318' title='bbox 1012 3863 1160 3946; x_wconf 80' lang='lat' dir='ltr'>remedio</span> <span class='ocrx_word' id='word_1_319' title='bbox 1184 3884 1316 3946; x_wconf 85' lang='lat' dir='ltr'>ani&#39;rnae</span> 
     </span>
     <span class='ocr_line' id='line_1_41' title="bbox 225 3963 1317 4050; baseline 0.004 -24"><span class='ocrx_word' id='word_1_320' title='bbox 225 4013 228 4026; x_wconf 89' lang='lat'>.</span> <span class='ocrx_word' id='word_1_321' title='bbox 264 3987 381 4041; x_wconf 86' lang='lat' dir='ltr'>meae,</span> <span class='ocrx_word' id='word_1_322' title='bbox 419 3963 564 4028; x_wconf 86' lang='lat' dir='ltr'>dimitto</span> <span class='ocrx_word' id='word_1_323' title='bbox 570 3968 649 4028; x_wconf 86' lang='lat' dir='ltr'>Deo</span> <span class='ocrx_word' id='word_1_324' title='bbox 680 3981 713 4030; x_wconf 89' lang='lat' dir='ltr'>et</span> <span class='ocrx_word' id='word_1_325' title='bbox 742 3967 860 4031; x_wconf 89' lang='lat' dir='ltr'>sanctis</span> <span class='ocrx_word' id='word_1_326' title='bbox 888 3967 958 4048; x_wconf 86' lang='lat' dir='ltr'>ejus</span> <span class='ocrx_word' id='word_1_327' title='bbox 983 3968 1137 4050; x_wconf 87' lang='lat' dir='ltr'>apostolis</span> <span class='ocrx_word' id='word_1_328' title='bbox 1158 3969 1259 4040; x_wconf 80' lang='lat' dir='ltr'>Petro</span> <span class='ocrx_word' id='word_1_329' title='bbox 1281 3982 1317 4030; x_wconf 91' lang='lat' dir='ltr'>et</span> 
     </span>
    </p>
   </div>
   <div class='ocr_carea' id='block_1_18' title="bbox 1207 4153 1314 4204">
    <p class='ocr_par' dir='ltr' id='par_1_18' title="bbox 1207 4153 1314 4204">
     <span class='ocr_line' id='line_1_42' title="bbox 1207 4153 1314 4204; baseline -0.019 0"><span class='ocrx_word' id='word_1_330' title='bbox 1207 4153 1314 4204; x_wconf 69' lang='lat' dir='ltr'>turam</span> 
     </span>
    </p>
   </div>
   <div class='ocr_carea' id='block_1_19' title="bbox 0 0 1400 4852">
    <p class='ocr_par' dir='ltr' id='par_1_19' title="bbox 0 0 1400 4852">
     <span class='ocr_line' id='line_1_43' title="bbox 0 0 1400 4852; baseline 0 2"><span class='ocrx_word' id='word_1_331' title='bbox 0 0 1400 4852; x_wconf 95' lang='lat' dir='ltr'> </span> 
     </span>
    </p>
   </div>
  </div>
 </body>
</html>
