2808 4856
281 585 360 648 que
383 561 537 641 militibus
558 561 656 630 suls
646 560 838 637 ιιιιιιιιιιιιιο,
861 561 980 639 timens
1001 557 1036 626 s'c
1059 560 1126 626 suis
1146 561 1256 626 verbis
1278 565 1334 642 de·

292 652 504 746 prehensum,
527 665 560 714 et
588 660 645 714 or'e
668 647 805 734 proprio
835 633 1108 722 condemnaturi,
1141 649 1185 710 ιιι
1217 635 1334 713 callida

287 727 484 817 ,arguments
505 756 557 800 se
555 736 735 808 ¹conuenit,
756 734 957 814 persuadens
971 733 1072 814 vulgo
1094 733 1238 810 indocto,
1258 755 1334 798 non

236 880 239 888 ,
290 823 336 894 de
358 841 495 900 corpore
524 821 601 884 sed
613 823 655 884 de
684 821 790 882 anima
812 817 955 900 regisse
977 817 1204 898 prophetasse·
1235 819 1334 898 quasi

200 963 203 978 ,
289 905 401 976 anima
423 905 506 987 regis
528 905 647 969 milites
669 921 796 978 omnes,
815 917 945 983 praeter
961 923 1029 976 sex,
1049 903 1251 982 perdidisset,
1274 905 1334 972 vel

178 1035 200 1075 3-
259 995 265 1022 ¹¹
290 991 348 1052 ilio
381 991 485 1070 spatio
517 1006 644 1056 mortua
677 1004 772 1052 esset.
832 989 876 1048 Et
908 987 958 1050 his
992 987 1099 1052 verbis
1132 988 1294 1070 vulgus
1285 1010 1335 1053 ιιι

210 1077 212 1080 ’
287 1079 424 1146 doctum
453 1075 611 1157 delusit.
643 1077 765 1136 Contra
791 1072 982 1170 hujusmodi
1012 1072 1186 1154 prophetas
1216 1075 1332 1138 beatus

289 1158 803 1242 GregoriussuperEzechielem
823 1159 883 1218 ιιι·
903 1155 1018 1235 „inter
1033 1156 1208 1237 prophetas
1232 1178 1332 1222 vtros

286 1259 325 1318 et
345 1244 474 1308 salsos
466 1262 525 1311 rsta
547 1261 596 1308 est
616 1243 775 1339 distantia,
797 1244 872 1322 quia
893 1244 1073 1324 prophetae
1096 1231 1189 1318 veri,
1199 1242 1226 1304 si
1248 1245 1331 1322 quid

219 1328 225 1346 ⁴
292 1331 467 1410 aliquando
493 1351 555 1410 per
584 1324 682 1390 silum
703 1327 849 1410 spiritum
872 1329 1002 1401 dicunt,
1033 1325 1126 1400 citius
1148 1329 1330 1408 corrigunts
1363 1351 1366 1359 ¹

289 1415 471 1513 prophetae
494 1429 604 1508 autern
626 1413 707 1487 falsi,
732 1429 763 1475 et
785 1414 864 1474 salsa
887 1412 1103 1494 denunciant,
1134 1429 1167 1475 et
1189 1413 1330 1476 alienia

289 1515 402 1562 sancto
425 1498 536 1580 spiritu
558 1495 592 1560 ιιι
615 1519 673 1568 sua
694 1497 831 1559 falsitate
854 1499 1067 1577 perdurant.
1135 1507 1140 1518 ’
1394 1577 1395 1586 ¹

375 1586 458 1647 Tres
480 1583 633 1646 homines
655 1585 725 1644 n'on
746 1581 931 1674 convictos,
951 1603 1024 1644 non
1044 1581 1240 1660 confessos,
1260 1585 1329 1646 abs·
1352 1661 1357 1670 Ι

291 1687 363 1766 que
386 1669 584 1733 secularibus
609 1662 775 1750 judicibus
800 1666 1049 1730 Hildebrandus
1077 1668 1174 1730 morti
1196 1667 1329 1748 adjudi-

286 1754 394 1827 carin
432 1771 465 1817 et
487 1755 618 1820 cosin
625 1751 806 1834 patibulis'
794 1771 887 1834 Juxta
909 1753 1078 1834 ecclesiam
1101 1752 1203 1816 sancti
1223 1751 1341 1830 P‘etri„

284 1841 420 1902 soloce
443 1839 499 1919 qui
521 1840 636 1902 dicitur
655 1838 868 1912 Palatiolum,
899 1825 1036 1902 interfici
1056 1856 1234 1918 suspensos
1256 1845 1329 1902 coe-

167 1909 169 1916 ’
273 1924 345 2007 git,
367 1925 438 1990 sine
460 1925 627 2010 dilatione,
648 1923 729 1986 siue.
742 1923 955 1995 discussione,
977 1935 1090 1983 contra
1110 1924 1216 2004 legas,
1238 1943 1327 2006 quac

216 2029 219 2040 ’
264 2035 265 2042 “
289 2006 502 2107 praecipiunt,
525 2009 622 2088 etiam
646 2008 835 2070 manifestos
856 2027 931 2072 reos
946 1999 1036 2068 intra
1056 2007 1201 2088 spacium
1219 2019 1258 2072 et
1281 2030 1328 2074 re·

237 2164 241 2176 ¹
288 2097 479 2166 tractionem
508 2095 635 2194 triginta
663 2094 790 2156 dierum
818 2113 889 2154 non
915 2091 1063 2168 interfici.
1107 2093 1203 2180 Quae
1225 2094 1327 2158 etiam

285 2182 377 2260 apud
397 2199 540 2262 paganos
562 2181 676 2262 vigent
698 2193 744 2244 et
741 2194 938 2270 servanJur,
959 2177 1048 2240 sicut
1069 2179 1166 2242 docet
1187 2179 1327 2242 authori·
1394 2181 1395 2184 ’

285 2268 385 2327 ιιιΒ.
400 2263 580 2338 Ambrosii
591 2282 636 2328 et
632 2283 744 2346 passio
750 2281 941 2326 sanctorum
953 2263 1156 2328 Marcellraru
1167 2265 1326 2334 etMarcr,
1382 2280 1385 2289 “

374 2346 547 2426 (lentium,-
573 2352 676 2412 lilium
698 2348 854 2430 praefecti
875 2347 1046 2430 Stephani,
1079 2351 1166 2430 prius
1189 2350 1325 2416 fidelem

283 2453 402 2510 sunm,
428 2437 465 2498 in
492 2451 654 2501 carcerem
683 2436 786 2510 misit,
809 2449 842 2518 et
868 2434 1010 2497 invase
1032 2434 1186 2516 undique
1203 2438 1348 2500 aculeis.
1393 2441 1394 2502 J

195 2527 218 2604 .'
286 2521 406 2584 vestito
435 2521 525 2588 mille
558 2538 599 2588 et
616 2521 708 2584 mille
736 2509 908 2583 mortibus
915 2519 1117 2582 cmcr'avit..
1126 2520 1212 2608 Qui
1239 2537 1326 2602 post·
1391 2515 1394 2584 f

137 2609 139 2612 ’
241 2616 246 2622 ’
285 2623 385 2706 quarn
414 2608 535 2685 evasit,
566 2608 674 2687 ipsum
701 2606 971 2670 Hildebrandutn
1002 2605 1097 2687 cepit.
1145 2609 1202 2686 De
1230 2608 1322 2703 cujus

283 2678 435 2772 captione
458 2707 633 2772 antequam
656 2693 812 2755 evaderet
833 2690 1002 2765 omnibus,
1032 2691 1097 2772 qui
1108 2691 1269 2772 captionis
1292 2693 1325 2754 il

114 2769 132 2818 Γ
236 2823 237 2828 1
282 2777 363 2838 lius
360 2794 599 2856 cooperatores
621 2777 759 2849 fuerant,
781 2776 845 2836 hoc
868 2776 1014 2838 debitum
1037 2777 1167 2856 publice
1189 2777 1323 2854 remisit,
1389 2809 1391 2822 =

267 2861 375 2940 .quod
402 2879 516 2960 postea
544 2859 724 2924 infideliter
742 2860 931 2924 vindicavit.
974 2861 1145 2937 Gentium,
1178 2861 1232 2924 cui
1254 2885 1323 2924 om·
1385 2861 1390 2886 ⁴

280 2946 337 3028 nis
362 2946 546 3022 remiserat,
575 2945 728 3028 persequi
756 2947 880 3028 coepit,
912 2962 945 3010 et
966 2967 1092 3010 nouem
1117 2947 1162 3010 de
1183 2947 1323 3011 homini
1387 2961 1388 2964 ’

281 3032 344 3092 bus
366 3031 502 3101 Centii
491 3051 529 3094 ιιι
549 3031 700 3116 patibulis
722 3035 901 3114 suspendio
922 3031 1092 3111 interfecit
1114 3043 1189 3098 ante
1211 3048 1321 3146 portas
1388 3041 1389 3044 ’

282 3117 382 3179 sancti
404 3118 504 3182 Petri.
576 3161 578 3170 ,

365 3203 467 3266 Filius
490 3203 660 3284 cujusdam
681 3201 802 3268 viduae
825 3171 966 3297 captioni
989 3203 1060 3285 ejus
1083 3201 1246 3282 interluit,
1268 3202 1337 3278 cui

279 3305 357 3350 cum
384 3289 495 3350 multis
523 3288 590 3354 aliis
619 3301 763 3371 poenam
795 3304 828 3350 et
857 3283 990 3352 cirillum
1021 3290 1118 3352 unius
1141 3291 1218 3352 anni
1239 3289 1320 3354 indi·
1345 3335 1348 3343 ι

278 3373 340 3441 xit,
392 3375 480 3474 Quo·
493 3374 642 3455 expleto,
671 3375 770 3436 vidua
791 3373 940 3454 ampliori
961 3374 1178 3461 satisfactione
1200 3369 1358 3456 volens*
1383 3365 1386 3406 ³

277 3461 407 3557 placare
430 3460 575 3522 animum
598 3459 834 3543 Hildebraudi,
858 3460 1007 3522 funem
998 3456 1131 3522 immisit
1152 3459 1238 3522 collo
1261 3451 1320 3527 filii
1362 3528 1367 3539 ,

280 3543 342 3616 stt-i,
364 3559 399 3608 et
418 3545 500 3608 fune
521 3539 626 3606 filiurn
647 3544 793 3618 trahens,
822 3545 946 3625 pariter
962 3565 1038 3606 curn
1059 3545 1127 3608 filio
1147 3547 1191 3608 ad
1213 3548 1318 3628 pedes
1359 3542 1362 3553 ¹

277 3627 498 3692 Hildebrandi
517 3631 672 3724 procidit,
700 3629 827 3692 diens,-
859 3629 995 3694 domine
1019 3653 1118 3711 papa,
1151 3631 1193 3694 de
1216 3651 1319 3696 manu
1367 3678 1369 3691 ,

277 3727 334 3775 tua
356 3716 436 3792 volo
456 3716 603 3796 recipere
624 3716 729 3777 filium
752 3733 881 3789 meum,
911 3715 966 3794 qui
989 3715 1123 3778 exilium
1148 3715 1243 3782 unius
1267 3738 1318 3780 an·
1367 3721 1368 3728 ’

239 3836 253 3874 ι,
280 3799 333 3873 ni,
363 3816 396 3862 et
417 3822 558 3882 poenam
588 3825 606 3862 a
628 3817 660 3864 ra
687 3799 867 3880 injunctam
888 3796 1047 3900 portavit..
1082 3800 1226 3868 Adhacc
1246 3802 1318 3868 Hit·

277 3883 504 3960 alebrandus,
496 3907 540 3948 ιιι
551 3886 730 3966 praesenti,
753 3900 891 3969 propter
910 3906 968 3949 eos
992 3886 1049 3966 qui
1070 3887 1245 3959 aderant,
1236 3907 1316 3950 tram

276 3968 504 4050 dissimulans,
519 3971 677 4061 dlium'
647 3993 680 4038 et
699 3971 860 4048 reddidit,
882 3985 960 4036 cum
981 3971 1165 4044 austeritate
1185 3971 1315 4036 ducos:

282 4083 294 4112 ·.
339 4097 344 4107 .
1118 4076 1121 4084 ’
1228 4055 1314 4128 vade
