2824 4854
172 447 176 468 ,
257 408 350 514 594,

171 661 177 670 ,
255 591 370 662 habito
390 589 526 660 consilio
545 561 634 674 apud
650 539 889 656 Abderitarum
907 583 991 652 rubr·
1001 589 1192 660 Bernhardo
1211 593 1306 660 duce

170 689 174 695 ’
257 673 438 758 saxoniae,
469 694 503 742 et
525 677 593 742 aliis
616 675 833 773 episcopiset
854 675 1044 772 comitibus,
1077 691 1109 740 et
1129 667 1305 742 nobilibus

256 763 432 849 plurimis,
460 763 585 826 curiam
616 760 769 824 omnibus
798 754 1034 844 principibus
1025 781 1059 825 ιιι
1083 755 1224 827 Colonia
1243 763 1305 829 ha-

222 910 226 918 .
255 851 400 917 bendam
423 845 645 932 praefigunt(
636 868 672 910 ιιι
701 843 864 912 dominica
885 845 987 910 Oculi
1008 845 1090 920 mei;
1118 863 1302 913 evocantes

134 981 139 992 .
200 958 204 966 ¹
256 938 379 1008 eodem
412 951 444 1000 et
478 935 596 996 ducem
629 933 797 1014 Zaringon
835 930 1042 1016 senonum,
1094 953 1194 1015 quem
1233 933 1303 1018 ipsi

257 1021 357 1086 ειίιιιι
384 1019 645 1112 deliberaverant
665 1037 779 1100 regem
801 1035 946 1090 creare.
962 1017 1025 1082 Ad
1039 1035 1149 1114 quapt
1170 1019 1302 1085 curiam

256 1127 333 1186 pum
355 1097 458 1186 pauci
474 1117 694 1174 occurrerent,
729 1117 762 1164 et
790 1099 867 1164 ideo
895 1079 958 1165 tale
985 1098 1154 1182 negotium
1186 1094 1227 1169 ad
1252 1093 1302 1178 ef·

205 1197 207 1200 ’
254 1192 376 1254 fectum
400 1211 470 1252 non
485 1203 621 1272 possent
644 1187 833 1268 perducere,
856 1185 1029 1264 nunciatur
1046 1185 1104 1262 eis,
1121 1187 1301 1261 orientales

70 1339 72 1346 χ
160 1337 166 1348 ,
255 1273 470 1348 marchiones,
495 1295 569 1334 cum
594 1275 678 1338 duce
702 1269 861 1334 Saxonise
867 1273 1087 1356 Bernhardo,
1110 1285 1144 1338 et
1157 1275 1303 1356 Magde
1364 1288 1367 1296 ’

147 1393 154 1412 ·
188 1403 196 1408 -
255 1361 411 1444 burgensi
434 1357 679 1454 archiepiscopo
710 1373 744 1420 et
772 1343 906 1420 aliarum
928 1357 1132 1440 superiorum
1155 1359 1301 1442 partium

255 1443 472 1543 principibus,
502 1445 544 1506 ad
572 1441 771 1508 electionem
797 1439 879 1504 novi
905 1443 989 1524 regis
1010 1442 1153 1524 Erpford
1174 1463 1301 1508 conve·
1364 1449 1369 1466 '

211 1595 214 1604 ,
254 1531 354 1594 nisse.
388 1529 455 1616 Qui
478 1549 556 1590 ιιιοιι
574 1527 830 1623 Herirnarmum,
852 1518 1155 1605 Monasteriensem
1169 1528 1301 1614 episco-

148 1675 151 1680 ,
254 1637 352 1698 puin,
380 1632 413 1678 et
435 1612 515 1676 alios
537 1613 715 1676 honorares
738 1609 849 1696 viros,
873 1597 913 1672 a'd
937 1615 1074 1676 eosdem
1095 1614 1152 1694 qui
1173 1635 1300 1694 conve

252 1715 370 1764 nerant
392 1697 554 1780 principes
578 1697 746 1770 miserunt,
761 1711 935 1780 rogantes,
969 1717 1013 1760 ne
1035 1697 1298 1764 absentibuseis
1323 1722 1328 1728 ·

213 1793 231 1829 ¹·
253 1785 395 1866 'aliquam
418 1783 615 1879 electionem
638 1783 855 1856 celebrarent,
884 1783 941 1844 sed
965 1783 1004 1844 ad
1021 1781 1170 1879 aliquem
1185 1783 1297 1851 detto·

252 1870 414 1934 minatum
435 1870 547 1930 locum
571 1867 616 1932 eis
640 1883 864 1950 occurrerent,
896 1863 1031 1940 electuri
1058 1888 1133 1930 cum
1156 1866 1202 1932 eis
1223 1869 1298 1930 ido·

251 1975 355 2022 neum
384 1971 417 2016 et
438 1955 575 2036 dignum
595 1951 707 2020 Deo
700 1969 945 2034 imperatorem,
971 1967 1002 2014 et
1024 1951 1219 2016 advocatum
1242 1975 1296 2016 ec·

251 2040 433 2104 clesiarum.
477 2041 570 2102 Dum
593 2058 671 2120 ergo
691 2037 758 2118 jam
781 2035 855 2118 dicti
879 2036 984 2098 nuntii
1013 2039 1052 2098 ad
1076 2039 1217 2106 eandem
1239 2059 1295 2100 cu

249 2127 330 2190 riam
353 2125 531 2196 venissent,
555 2137 783 2204 cognoverunt
804 2109 907 2191 illos
899 2143 932 2186 ιιι
959 2121 1147 2203 Philippum
1170 2125 1293 2189 ducem

222 2256 223 2260 ,
250 2208 431 2283 sueviae,
424 2207 625 2288 imperatoris
639 2207 780 2286 fratrem,
802 2208 1027 2280 concordasse,
1048 2225 1091 2270 et
1096 2228 1175 2272 eum
1192 2207 1227 2275 in
1243 2226 1291 2270 re

248 2315 325 2378 gem
349 2293 499 2374 elegisse.
535 2293 636 2356 Unde
660 2292 742 2353 moti
762 2291 939 2366 redierunt,
962 2311 1008 2354 et
1016 2291 1185 2374 praedictis
1209 2293 1293 2376 epis

249 2379 350 2464 copis,
373 2397 458 2460 quae
481 2379 564 2443 facta
585 2379 724 2450 fuerant,
745 2378 939 2441 retulerunt
980 2377 1095 2463 Quiv
1071 2375 1292 2448 vehementer

247 2464 425 2548 indignati,
459 2485 500 2526 eo
530 2463 621 2544 quod
649 2481 819 2560 nunquam
848 2460 963 2544 aliquis
991 2481 1050 2526 rex
1073 2461 1107 2524 in
1131 2461 1292 2528 Saxonica

248 2566 333 2614 terra
356 2551 478 2614 electus
502 2549 541 2609 ab
564 2545 613 2608 his
636 2545 832 2628 principibus
855 2545 985 2622 fuisset,
1013 2567 1093 2608 mox
1116 2547 1191 2610 duci
1213 2542 1292 2610 Ber
1300 2622 1308 2634 ,

247 2637 329 2698 tolfo
354 2637 395 2696 de
414 2633 579 2714 Zaringon
602 2632 702 2694 fidem
725 2632 884 2706 fecerunt,
907 2631 1027 2710 quod
1018 2649 1089 2712 lpse
1110 2633 1290 2714 repatrians
1346 2649 1356 2662 ⁸
1410 2623 1411 2632 ¹

247 2719 427 2786 exercitum
450 2737 562 2782 secum
584 2717 736 2789 duceret,
758 2733 791 2780 et
812 2731 929 2778 statuto
951 2715 1011 2778 sibi
1033 2717 1089 2780 die
1112 2717 1289 2782 Andema-

246 2827 323 2866 cum
345 2805 474 2878 rediret,
497 2820 576 2864 eum
597 2799 653 2876 ibi,
674 2817 800 2862 remota
822 2801 913 2862 omni
935 2800 1162 2906 dubitatione²
1173 2823 1290 2900 regern

246 2904 406 2955 crearent
449 2887 527 2949 Hoc
556 2901 587 2948 ct
614 2884 683 2966 ipse
707 2884 855 2984 promisit
883 2901 915 2948 et
932 2902 1070 2967 Juravrt,
1089 2902 1132 2952 et
1152 2908 1291 2975 rnruper
1346 2915 1353 2922 ·
1410 2871 1411 2878 Β

193 2989 202 3026 ι·
246 2973 377 3038 obsides
400 2971 501 3034 dedit.
541 2971 754 3052 Designato'
746 2971 842 3052 igitur
864 2969 927 3046 die,
949 2993 1024 3032 cum
1045 2972 1135 3054 apud
1156 2964 1293 3037 Ander-

217 3083 224 3116 ι
244 3079 363 3122 narum
388 3059 427 3120 ab
451 3055 613 3154 episcopis
638 3070 670 3118 et
691 3056 782 3130 omni
805 3056 1012 3120 multitudine
1034 3077 1109 3118 cum
1131 3062 1290 3138 apparatu

245 3161 278 3209 et
307 3139 469 3206 desiderio
499 3139 642 3223 maximo
671 3156 913 3220 expectaretur,
949 3161 1026 3204 ecce
1055 3163 1169 3204 rumor
1190 3143 1290 3224 pessi·

115 3231 123 3240 “
167 3253 194 3300 ,·
243 3247 336 3304 snus,
369 3247 401 3292 et
424 3228 494 3310 ejus
517 3225 667 3308 ignaviae
697 3225 814 3308 dignus
842 3225 998 3300 intonuit,
1024 3225 1140 3324 ipsum
1162 3227 1290 3292 scilicet

245 3335 319 3376 curn
352 3315 436 3376 duce
465 3311 606 3374 Sueviae
635 3311 867 3384 concordasse,
900 3326 933 3372 et
960 3326 996 3372 ut
1023 3307 1093 3391 ipse
1121 3333 1225 3394 regno
1254 3328 1291 3376 et

245 3396 398 3464 electioni
420 3395 644 3468 renunciaret,
672 3394 827 3471 undecim
851 3395 950 3474 millia
972 3414 1153 3464 marcatum
1175 3413 1208 3466 et
1231 3399 1290 3468 du·

238 3499 355 3552 ¹catum
376 3484 428 3553 ab
438 3502 481 3544 eo
504 3479 678 3562 accepisse.
712 3479 786 3542 Hie
802 3501 882 3563 ergo
901 3498 1016 3544 rumor
1037 3496 1070 3544 at
1090 3482 1288 3550 inhonestus

245 3583 404 3645 eventus,
435 3566 595 3662 primores
624 3564 816 3641 inferiorum
838 3566 976 3648 ιιιιιίιιιιι
998 3565 1139 3649 graviter
1166 3567 1290 3645 afflixit,

244 3675 312 3716 eo
321 3653 411 3734 quod
444 3649 618 3732 indignum
651 3649 711 3713 sibi
744 3663 777 3714 et
808 3649 1012 3714 intolerabile
1042 3651 1225 3730 videretur,
1258 3653 1290 3718 si
1319 3657 1321 3664 ’

221 3751 359 3802 conns
398 3755 494 3800 susm
533 3735 740 3801 voluntatem
782 3735 963 3818 Philippus
995 3736 1066 3805 dux
1107 3755 1289 3822 regnasset.

133 3845 137 3854 ¹
237 3827 388 3896 licuerat
403 3835 529 3893 tamen,
567 3819 688 3900 quod
680 3839 749 3900 ipse
771 3821 907 3898 nuntios
935 3822 975 3886 ad
1003 3821 1289 3904 arehiepiscopum

244 3905 483 3974 emoniensem
504 3924 581 3970 curn
603 3903 754 4004 precibus
776 3906 966 3992 transmisit,
998 3907 1100 3984 multa
1129 3909 1289 3990 offerens,

186 4023 191 4030 =
236 3995 304 4094 ιιι
325 3995 419 4076 ptura
437 3990 652 4074 promittens.
685 3989 713 4056 u
738 3992 781 4054 sd
802 3971 1122 4116 mansuesco
1127 3996 1291 4144 Ἢ
