2786 4852
192 606 196 617 ,
277 574 338 650 cit,
361 586 405 642 et
425 564 489 640 alta
508 593 527 638 e
531 573 647 672 ‚longe
662 564 873 672 cognoscit,
884 569 1081 658 potentiam
1092 565 1267 656 nucem,
1284 586 1312 642 ct

177 693 231 728 ι
279 662 437 726 adversae
460 655 556 742 partis
577 649 796 722 humilitatem
810 659 1043 734 considerans,
1064 679 1157 722 more
1180 679 1243 733 suo
1264 681 1313 740 po

279 758 385 810 rentes
419 745 469 816 de
494 745 576 811 sede
607 735 775 826 deposuit,
796 758 841 809 ot
872 742 1014 806 humiles
1047 742 1210 806 exaltavit
1253 745 1313 810 Sed

204 861 206 868 ·
279 831 356 912 quia
378 828 490 894 divino
510 829 686 897 clementia
706 849 767 892 nos
789 830 832 891 ad
852 826 1087 894 correctionem
1109 843 1254 892 noemam
1266 829 1314 916 acl

278 931 412 1014 tempus
441 936 547 980 errare
575 913 698 990 voluit,
717 906 789 976 sed
817 913 1009 978 deviarem
1029 929 1228 994 perpetuum
1250 934 1312 976 non

279 998 442 1084 permisit:
464 1001 618 1068 universa
640 999 722 1062 haec
742 997 891 1061 fidelium
911 1001 1013 1062 turbs
1022 1013 1208 1080 cognoscat,
1225 998 1312 1094 quod

246 1092 343 1151 rios
365 1085 408 1150 de
431 1104 569 1157 caetero,
593 1105 712 1148 errore
725 1082 822 1165 totius
843 1083 986 1147 falsitatis
1002 1083 1060 1164 abJ'
1064 1097 1153 1157 ecto,
1176 1084 1219 1150 ad
1242 1083 1312 1146 veri

280 1177 380 1240 istem
405 1171 637 1266 convenimur,
661 1170 703 1232 de
725 1168 900 1232 schismate
922 1151 963 1230 ad
985 1167 1142 1250 unitatem
1165 1167 1311 1242 redimus,

181 1301 186 1310 s
279 1271 322 1318 et
343 1256 383 1318 ad
412 1256 572 1337 gremium
602 1254 709 1316 matris
737 1265 876 1330 nostrae
906 1267 1126 1316 sacrosanctae
1148 1256 1313 1316 Romanae
1378 1308 1379 1313 ,

165 1393 170 1410 ,
218 1405 220 1412 ,
279 1340 439 1404 ecclesiae
452 1342 622 1421 gritouter
643 1325 858 1416 accedimus;
879 1339 1052 1408 dominum
1076 1335 1312 1414 Alexandrum,
1378 1336 1379 1339 ’

222 1421 224 1426 ’
280 1425 338 1506 qui
362 1423 465 1488 estin
488 1424 761 1522 praesentiarum,
782 1439 817 1486 et
838 1443 1042 1496 successores
1064 1423 1145 1521 ejus·-
1157 1423 1195 1486 in
1215 1423 1312 1484 catho

278 1511 379 1579 licum
397 1530 516 1592 papam
533 1507 720 1590 recipimus,
742 1525 775 1574 et
791 1509 865 1590 ipsi,
882 1525 1050 1590 tamquam
1064 1507 1155 1590 patri,
1179 1508 1312 1587 debitam
1377 1520 1378 1526 ’

279 1595 499 1662 reverentiam
523 1594 680 1665 exhibere
697 1593 928 1694 proponimus.
961 1597 1084 1672 Pacem
1105 1607 1249 1674 nostram
1270 1613 1312 1656 ec

280 1679 438 1750 clesiae,
446 1679 560 1742 illustri
581 1679 654 1762 regi
671 1679 816 1752 Siciliae,
844 1665 879 1750 el
897 1677 1110 1754 Lombardis,
1132 1675 1218 1740 sicut
1239 1678 1312 1740 inter
1370 1699 1374 1712 ·“

255 1761 343 1828 'nos
366 1764 551 1832 ordinatum
574 1775 673 1836 estet
697 1759 901 1862 dispositum,
921 1763 1099 1828 reddimus
1100 1767 1177 1812 “
1213 1765 1313 1860 Irnpe«
1379 1846 1380 1849 Ἴ

279 1865 367 1914 rator
387 1851 492 1914 verba
511 1847 654 1924 finierat,
675 1869 846 1949 quumque
874 1849 909 1912 in
929 1851 1063 1912 laudem
1086 1847 1169 1928 ejus,
1192 1848 1248 1930 qui
1268 1848 1312 1910 ad·

285 1950 389 2010 erant,
418 1935 702 2008 acclamassent,
694 1951 814 2002 iterum
834 1935 919 1998 facto
942 1934 1088 2013 silentio,
1106 1949 1228 1997 sancta
1254 1929 1312 1996 Dei

201 2077 209 2100 s
262 2021 455 2102 evangelia
484 2041 560 2082 cum
584 2033 769 2082 sanctorum
790 2019 957 2100 reliquiis,
990 2036 1024 2084 et
1046 2039 1143 2086 cruce
1165 2020 1210 2086 ¹rie
1214 2005 1310 2100 ligno

236 2104 424 2172 Domini
449 2121 525 2168 sunt
552 2105 770 2187 productam
793 2106 959 2170 medium.
1001 2107 1188 2180 Mandante
1209 2103 1311 2200 itaque

279 2185 494 2270 imperatore,
529 2199 641 2256 comes
669 2189 849 2254 Henricus
858 2192 907 2266 de
935 2189 1085 2257 Βίειιι
1076 2211 1111 2256 ιιι
1133 2189 1244 2254 auimo
1262 2189 1311 2284 ius

281 2273 438 2356 perstetis
457 2274 588 2372 juravit,
607 2275 727 2355 quod
718 2294 789 2358 ipse
810 2287 928 2356 pscem
949 2271 1106 2340 ecclesiae
1129 2290 1162 2340 et
1184 2269 1311 2355 imperii,

281 2378 398 2441 pacem
419 2357 515 2442 regis
527 2359 650 2426 Siciliae
672 2378 779 2440 usque
802 2361 842 2422 ad
853 2381 968 2428 annos
983 2359 1186 2440 quindecim,
1211 2377 1242 2424 et
1262 2374 1311 2422 tre
1377 2415 1378 2418 ,

279 2461 364 2540 guas
382 2443 645 2514 Lombardorum
669 2465 774 2526 usque
797 2447 837 2518 ad
860 2465 963 2508 annos
985 2464 1053 2520 sex,
1074 2443 1157 2508 sicut
1179 2437 1239 2527 per
1256 2463 1310 2504 me·

249 2525 421 2607 diatones
443 2529 534 2592 hinc
540 2530 619 2596 inde
641 2547 807 2610 tractatum
837 2545 870 2606 et
890 2531 1052 2629 scriptum
1079 2530 1203 2603 fuerat,
1234 2532 1310 2590 bona
1376 2570 1378 2576 ,

249 2593 386 2688 fide,
394 2615 465 2680 sine
487 2617 601 2682 fraude
625 2631 658 2680 et
679 2615 796 2680 malo
787 2615 938 2698 ingenio,
958 2614 1093 2678 lirmiter
1115 2615 1309 2684 observaret,
1353 2663 1355 2670 t

101 2775 104 2791 Ι
192 2697 213 2714 “’
280 2713 317 2762 et
337 2700 524 2786 chricum
547 2721 671 2786 regem,
699 2698 804 2764 lilium
825 2722 935 2774 suum,
962 2700 1027 2762 id
1019 2717 1126 2798 ipsum
1145 2695 1310 2794 jurareis·

279 2798 371 2848 ceret
392 2801 425 2850 et
446 2781 587 2848 servare
629 2785 763 2851 Dehinc
791 2785 967 2868 duodecim
995 2785 1176 2868 principes
1192 2779 1309 2878 imperii

224 2914 226 2918 -
277 2881 348 2930 tam
381 2869 623 2958 ecclesiastici,
638 2890 737 2949 quem
760 2873 957 2955 saeculares,
985 2870 1077 2934 factis
1110 2865 1322 2934 sacrosanctis

232 2931 461 3034 evangeliis
483 2955 595 3032 modo,
616 2934 751 3020 simili'
738 2970 941 3038 ιιιιιιιιειιιιιι.
980 2949 1137 3020 Protinus
1164 2951 1311 3018 Romual

279 3037 358 3106 rius
385 3038 605 3122 Salernitauus
641 3039 901 3124 archiepiscopus
937 3048 1072 3139 surgens
1109 3061 1168 3122 per
1199 3039 1310 3104 eadem

279 3105 493 3206 evangelie
480 3125 631 3205 Juravit,
655 3127 746 3206 quod
778 3141 956 3224 postquam
984 3125 1159 3206 imperator
1188 3123 1310 3189 nuntios

279 3227 357 3270 suos
379 3223 512 3290 propter
533 3209 598 3272 hoc
620 3211 661 3272 ad
681 3232 796 3309 regem
816 3210 851 3274 in
873 3209 1013 3281 Siciliam
1033 3209 1173 3286 miserit,
1196 3231 1253 3274 rex
1272 3191 1316 3268 in·
1380 3286 1381 3291 ι

277 3293 327 3354 fra
349 3294 491 3364 duorum
519 3295 685 3358 mensium
713 3295 852 3384 spatium
872 3315 939 3393 per
966 3279 1111 3384 aliquem
1133 3287 1309 3382 principum

220 3395 223 3422 t
277 3394 414 3445 suorum
441 3380 483 3441 de
514 3380 755 3458 observanda
746 3379 932 3477 imperatori
959 3399 1040 3461 pace
1068 3397 1175 3461 usque
1202 3381 1242 3444 sd
1263 3397 1308 3438 an·

275 3481 338 3552 nos
360 3456 599 3544 quindecim,
589 3465 779 3542 inanima
776 3485 836 3544 sqa
853 3465 961 3545 jurare
983 3465 1097 3540 facien
1128 3481 1162 3528 et
1183 3486 1242 3546 per
1261 3462 1308 3522 de·

276 3565 349 3611 cem
370 3547 533 3630 principes
556 3571 646 3649 suos,
671 3551 907 3648 juramentum
924 3549 955 3612 ei
984 3547 1093 3614 simile
1112 3549 1209 3614 faciet
1229 3544 1307 3616 exhi·

231 3625 364 3696 bere.
409 3635 530 3697 Comes
553 3635 650 3702 etiarn
672 3636 859 3734 Rogemus,
882 3631 966 3710 sicut
987 3635 1248 3721 archiepiscopus
1268 3631 1307 3696 fc·

276 3733 379 3794 cerat,
410 3715 482 3782 id
472 3739 580 3801 ipsum
609 3741 711 3786 manu
738 3741 797 3786 suo
819 3719 952 3802 juravit.
1012 3722 1147 3786 Dehinc
1174 3731 1306 3786 rectores

95 3806 98 3814 ’
178 3790 185 3809 ⁸
274 3792 512 3880 lombardiae,
545 3803 622 3886 qui
623 3805 667 3870 ibi
690 3808 832 3880 aderant,
852 3805 1080 3888 juraverunt,
1096 3807 1202 3888 quod
1208 3813 1306 3906 osque

273 3890 315 3950 ad
339 3906 444 3954 annos
466 3906 537 3966 sex,
560 3890 737 3954 bonafide
759 3905 793 3956 et
813 3889 884 3954 sine
905 3891 1038 3966 fraude,
1059 3903 1201 3974 treguas:
1215 3891 1305 3968 impe·

172 4020 184 4069 3
270 3973 367 4038 satori
390 3975 638 4075 observarem,
651 3977 733 4046 sicut
759 3977 845 4062 inter
865 3992 924 4046 eos
938 3988 1122 4074 tractatum
1150 3991 1184 4044 et
1210 3974 1304 4073 dispo

1103 4071 1107 4080 ’
1214 4057 1303 4128 situm

938 4237 940 4242 ,
955 4163 969 4221 i
