<?xml version="1.0" encoding="UTF-8"?>
<!DOCTYPE html PUBLIC "-//W3C//DTD XHTML 1.0 Transitional//EN"
    "http://www.w3.org/TR/xhtml1/DTD/xhtml1-transitional.dtd">
<html xmlns="http://www.w3.org/1999/xhtml" xml:lang="en" lang="en">
 <head>
  <title>
</title>
<meta http-equiv="Content-Type" content="text/html;charset=utf-8" />
  <meta name='ocr-system' content='tesseract 3.04.00' />
  <meta name='ocr-capabilities' content='ocr_page ocr_carea ocr_par ocr_line ocrx_word'/>
</head>
<body>
  <div class='ocr_page' id='page_1' title='image "./handbuchmerkwrd00raumgoog_0483.png"; bbox 0 0 2824 4854; ppageno 0'>
   <div class='ocr_carea' id='block_1_1' title="bbox 165 441 355 567">
    <p class='ocr_par' dir='ltr' id='par_1_1' title="bbox 165 441 355 567">
     <span class='ocr_line' id='line_1_1' title="bbox 165 441 355 567; baseline 0.058 -11"><span class='ocrx_word' id='word_1_1' title='bbox 165 441 355 567; x_wconf 54' lang='lat' dir='ltr'>*tlt</span> 
     </span>
    </p>
   </div>
   <div class='ocr_carea' id='block_1_2' title="bbox 161 647 1411 4122">
    <p class='ocr_par' dir='ltr' id='par_1_2' title="bbox 195 647 1389 992">
     <span class='ocr_line' id='line_1_2' title="bbox 195 647 1389 738; baseline 0 -20"><span class='ocrx_word' id='word_1_2' title='bbox 195 708 197 718; x_wconf 92' lang='lat'>.</span> <span class='ocrx_word' id='word_1_3' title='bbox 273 668 310 720; x_wconf 80' lang='lat' dir='ltr'>et</span> <span class='ocrx_word' id='word_1_4' title='bbox 331 652 507 718; x_wconf 80' lang='lat' dir='ltr'>redeuntes</span> <span class='ocrx_word' id='word_1_5' title='bbox 537 649 703 734; x_wconf 81' lang='lat' dir='ltr'>quoslibet</span> <span class='ocrx_word' id='word_1_6' title='bbox 731 669 839 738; x_wconf 78' lang='lat' dir='ltr'>aequo</span> <span class='ocrx_word' id='word_1_7' title='bbox 857 647 1058 714; x_wconf 79' lang='lat' dir='ltr'>cruciamine</span> <span class='ocrx_word' id='word_1_8' title='bbox 1080 649 1319 718; x_wconf 71' lang='lat' dir='ltr'>exscindendo.</span> <span class='ocrx_word' id='word_1_9' title='bbox 1354 683 1356 693; x_wconf 48' lang='lat'>¹</span> <span class='ocrx_word' id='word_1_10' title='bbox 1388 711 1389 718; x_wconf 74' lang='grc'>,</span> 
     </span>
     <span class='ocr_line' id='line_1_3' title="bbox 276 733 1320 828; baseline 0.001 -28"><span class='ocrx_word' id='word_1_11' title='bbox 276 739 450 828; x_wconf 76' lang='lat' dir='ltr'>Quosdam</span> <span class='ocrx_word' id='word_1_12' title='bbox 481 758 570 809; x_wconf 78' lang='lat' dir='ltr'>,vero</span> <span class='ocrx_word' id='word_1_13' title='bbox 596 745 651 822; x_wconf 72' lang='lat' dir='ltr'>eit</span> <span class='ocrx_word' id='word_1_14' title='bbox 682 734 841 803; x_wconf 78' lang='lat' dir='ltr'>Romanis</span> <span class='ocrx_word' id='word_1_15' title='bbox 874 733 1034 810; x_wconf 81' lang='lat' dir='ltr'>Achivis,</span> <span class='ocrx_word' id='word_1_16' title='bbox 1073 735 1136 817; x_wconf 89' lang='lat' dir='ltr'>qui</span> <span class='ocrx_word' id='word_1_17' title='bbox 1166 757 1320 804; x_wconf 81' lang='lat' dir='ltr'>nonnun-</span> 
     </span>
     <span class='ocr_line' id='line_1_4' title="bbox 276 818 1319 904; baseline 0.004 -20"><span class='ocrx_word' id='word_1_18' title='bbox 276 843 375 904; x_wconf 82' lang='lat' dir='ltr'>quam</span> <span class='ocrx_word' id='word_1_19' title='bbox 399 821 609 902; x_wconf 76' lang='lat' dir='ltr'>delirantibus</span> <span class='ocrx_word' id='word_1_20' title='bbox 638 821 780 887; x_wconf 75' lang='lat' dir='ltr'>dominis</span> <span class='ocrx_word' id='word_1_21' title='bbox 801 818 891 885; x_wconf 80' lang='lat' dir='ltr'>varia</span> <span class='ocrx_word' id='word_1_22' title='bbox 918 839 1102 902; x_wconf 82' lang='lat' dir='ltr'>poenarum</span> <span class='ocrx_word' id='word_1_23' title='bbox 1135 823 1319 889; x_wconf 85' lang='lat' dir='ltr'>inflictione</span> 
     </span>
     <span class='ocr_line' id='line_1_5' title="bbox 273 905 1319 992; baseline 0.003 -22"><span class='ocrx_word' id='word_1_24' title='bbox 273 911 479 992; x_wconf 83' lang='lat' dir='ltr'>plectunnrr,</span> <span class='ocrx_word' id='word_1_25' title='bbox 508 924 682 992; x_wconf 80' lang='lat' dir='ltr'><strong>postquam</strong></span> <span class='ocrx_word' id='word_1_26' title='bbox 711 905 748 968; x_wconf 85' lang='lat' dir='ltr'>in</span> <span class='ocrx_word' id='word_1_27' title='bbox 776 905 1193 972; x_wconf 80' lang='lat' dir='ltr'>ferocitatemconcitatam</span> <span class='ocrx_word' id='word_1_28' title='bbox 1213 925 1319 973; x_wconf 71' lang='lat' dir='ltr'>saeve</span> 
     </span>
    </p>

    <p class='ocr_par' dir='ltr' id='par_1_3' title="bbox 183 991 1318 1161">
     <span class='ocr_line' id='line_1_6' title="bbox 183 991 1318 1076; baseline 0 -20"><span class='ocrx_word' id='word_1_29' title='bbox 183 1000 185 1009; x_wconf 78' lang='grc'><em>’</em></span> <span class='ocrx_word' id='word_1_30' title='bbox 275 993 435 1057; x_wconf 78' lang='lat' dir='ltr'><strong>Gallicam</strong></span> <span class='ocrx_word' id='word_1_31' title='bbox 456 991 651 1076; x_wconf 88' lang='lat' dir='ltr'>inciderunt,</span> <span class='ocrx_word' id='word_1_32' title='bbox 673 1013 741 1068; x_wconf 79' lang='lat' dir='ltr'>rex,</span> <span class='ocrx_word' id='word_1_33' title='bbox 762 991 799 1056; x_wconf 91' lang='lat' dir='ltr'>in</span> <span class='ocrx_word' id='word_1_34' title='bbox 820 991 949 1073; x_wconf 83' lang='lat' dir='ltr'>signum</span> <span class='ocrx_word' id='word_1_35' title='bbox 973 1006 1006 1054; x_wconf 88' lang='lat' dir='ltr'>et</span> <span class='ocrx_word' id='word_1_36' title='bbox 1023 993 1214 1068; x_wconf 83' lang='lat' dir='ltr'>memoriale</span> <span class='ocrx_word' id='word_1_37' title='bbox 1231 995 1318 1076; x_wconf 87' lang='lat' dir='ltr'>ejus,</span> 
     </span>
     <span class='ocr_line' id='line_1_7' title="bbox 274 1075 1318 1161; baseline 0.002 -21"><span class='ocrx_word' id='word_1_38' title='bbox 274 1080 366 1159; x_wconf 91' lang='lat' dir='ltr'>quod</span> <span class='ocrx_word' id='word_1_39' title='bbox 394 1079 555 1161; x_wconf 87' lang='lat' dir='ltr'>perversis</span> <span class='ocrx_word' id='word_1_40' title='bbox 583 1077 772 1142; x_wconf 81' lang='lat' dir='ltr'>volubiliter</span> <span class='ocrx_word' id='word_1_41' title='bbox 799 1075 932 1154; x_wconf 82' lang='lat' dir='ltr'>animis,</span> <span class='ocrx_word' id='word_1_42' title='bbox 964 1076 1031 1141; x_wconf 88' lang='lat' dir='ltr'>fide</span> <span class='ocrx_word' id='word_1_43' title='bbox 1059 1077 1218 1159; x_wconf 80' lang='lat' dir='ltr'>abjurata,</span> <span class='ocrx_word' id='word_1_44' title='bbox 1251 1099 1318 1159; x_wconf 87' lang='lat' dir='ltr'>qua</span> 
     </span>
    </p>

    <p class='ocr_par' dir='ltr' id='par_1_4' title="bbox 161 1160 1351 1758">
     <span class='ocr_line' id='line_1_8' title="bbox 161 1160 1319 1236; baseline 0.004 -9"><span class='ocrx_word' id='word_1_45' title='bbox 161 1225 164 1235; x_wconf 90' lang='grc'>,</span> <span class='ocrx_word' id='word_1_46' title='bbox 209 1209 212 1222; x_wconf 70' lang='lat'>,</span> <span class='ocrx_word' id='word_1_47' title='bbox 274 1165 435 1230; x_wconf 87' lang='lat' dir='ltr'>ecclesiae</span> <span class='ocrx_word' id='word_1_48' title='bbox 472 1161 728 1229; x_wconf 82' lang='lat' dir='ltr'>tenebantur·et</span> <span class='ocrx_word' id='word_1_49' title='bbox 756 1160 832 1236; x_wconf 88' lang='lat' dir='ltr'>sibi,</span> <span class='ocrx_word' id='word_1_50' title='bbox 871 1161 1108 1227; x_wconf 76' lang='lat' dir='ltr'>attentaverant</span> <span class='ocrx_word' id='word_1_51' title='bbox 1144 1164 1319 1232; x_wconf 80' lang='lat' dir='ltr'>temerarie</span> 
     </span>
     <span class='ocr_line' id='line_1_9' title="bbox 274 1245 1317 1328; baseline 0.001 -19"><span class='ocrx_word' id='word_1_52' title='bbox 274 1261 499 1326; x_wconf 85' lang='lat' dir='ltr'>contra-eum,</span> <span class='ocrx_word' id='word_1_53' title='bbox 519 1248 597 1316; x_wconf 85' lang='lat' dir='ltr'>fecit</span> <span class='ocrx_word' id='word_1_54' title='bbox 618 1245 802 1312; x_wconf 77' lang='lat' dir='ltr'>obtruncari</span> <span class='ocrx_word' id='word_1_55' title='bbox 823 1246 974 1328; x_wconf 72' lang='lat' dir='ltr'>pedibus.</span> <span class='ocrx_word' id='word_1_56' title='bbox 1015 1251 1062 1312; x_wconf 88' lang='lat' dir='ltr'>Et</span> <span class='ocrx_word' id='word_1_57' title='bbox 1081 1251 1214 1314; x_wconf 90' lang='lat' dir='ltr'>tandem</span> <span class='ocrx_word' id='word_1_58' title='bbox 1239 1271 1317 1310; x_wconf 91' lang='lat' dir='ltr'>con·</span> 
     </span>
     <span class='ocr_line' id='line_1_10' title="bbox 276 1329 1318 1423; baseline -0.002 -25"><span class='ocrx_word' id='word_1_59' title='bbox 276 1332 440 1410; x_wconf 69' lang='lat' dir='ltr'>sideratis,</span> <span class='ocrx_word' id='word_1_60' title='bbox 463 1338 554 1416; x_wconf 92' lang='lat' dir='ltr'>quod</span> <span class='ocrx_word' id='word_1_61' title='bbox 575 1355 617 1398; x_wconf 81' lang='lat' dir='ltr'>ex</span> <span class='ocrx_word' id='word_1_62' title='bbox 640 1329 830 1423; x_wconf 84' lang='lat' dir='ltr'>hujusmodi</span> <span class='ocrx_word' id='word_1_63' title='bbox 853 1330 1039 1414; x_wconf 83' lang='lat' dir='ltr'><strong>aspectione</strong></span> <span class='ocrx_word' id='word_1_64' title='bbox 1061 1329 1228 1416; x_wconf 85' lang='lat' dir='ltr'>opprobrii</span> <span class='ocrx_word' id='word_1_65' title='bbox 1253 1337 1318 1396; x_wconf 84' lang='lat' dir='ltr'>Ro·</span> 
     </span>
     <span class='ocr_line' id='line_1_11' title="bbox 273 1416 1317 1506; baseline 0.002 -24"><span class='ocrx_word' id='word_1_66' title='bbox 273 1420 363 1482; x_wconf 89' lang='lat' dir='ltr'>mani</span> <span class='ocrx_word' id='word_1_67' title='bbox 383 1433 534 1506; x_wconf 76' lang='lat' dir='ltr'>poterant</span> <span class='ocrx_word' id='word_1_68' title='bbox 554 1416 744 1505; x_wconf 85' lang='lat' dir='ltr'>provocari,</span> <span class='ocrx_word' id='word_1_69' title='bbox 773 1425 857 1479; x_wconf 82' lang='lat' dir='ltr'>usus&#39;</span> <span class='ocrx_word' id='word_1_70' title='bbox 875 1417 1011 1480; x_wconf 88' lang='lat' dir='ltr'>consilio</span> <span class='ocrx_word' id='word_1_71' title='bbox 1034 1419 1169 1497; x_wconf 85' lang='lat' dir='ltr'>saniori,</span> <span class='ocrx_word' id='word_1_72' title='bbox 1191 1421 1317 1501; x_wconf 83' lang='lat' dir='ltr'>glome-</span> 
     </span>
     <span class='ocr_line' id='line_1_12' title="bbox 273 1500 1318 1586; baseline -0.002 -18"><span class='ocrx_word' id='word_1_73' title='bbox 273 1521 358 1568; x_wconf 82' lang='lat' dir='ltr'>ratos</span> <span class='ocrx_word' id='word_1_74' title='bbox 387 1506 607 1586; x_wconf 76' lang='lat' dir='ltr'>seductusque</span> <span class='ocrx_word' id='word_1_75' title='bbox 629 1500 712 1566; x_wconf 86' lang='lat' dir='ltr'>infra</span> <span class='ocrx_word' id='word_1_76' title='bbox 740 1517 830 1584; x_wconf 87' lang='lat' dir='ltr'>septa</span> <span class='ocrx_word' id='word_1_77' title='bbox 853 1503 1022 1584; x_wconf 86' lang='lat' dir='ltr'>cujusdam</span> <span class='ocrx_word' id='word_1_78' title='bbox 1045 1505 1223 1580; x_wconf 79' lang='lat' dir='ltr'>clausurae,</span> <span class='ocrx_word' id='word_1_79' title='bbox 1247 1509 1318 1566; x_wconf 86' lang='lat' dir='ltr'>m&#39;u·</span> 
     </span>
     <span class='ocr_line' id='line_1_13' title="bbox 271 1587 1351 1671; baseline -0.001 -19"><span class='ocrx_word' id='word_1_80' title='bbox 271 1609 389 1671; x_wconf 78' lang='lat' dir='ltr'>rorum.</span> <span class='ocrx_word' id='word_1_81' title='bbox 412 1588 531 1652; x_wconf 80' lang='lat' dir='ltr'>fabrica</span> <span class='ocrx_word' id='word_1_82' title='bbox 560 1589 815 1668; x_wconf 75' lang='lat' dir='ltr'><strong>circumquaque</strong></span> <span class='ocrx_word' id='word_1_83' title='bbox 837 1588 965 1662; x_wconf 79' lang='lat' dir='ltr'>vallata,</span> <span class='ocrx_word' id='word_1_84' title='bbox 994 1587 1149 1656; x_wconf 87' lang='lat' dir='ltr'>incendio</span> <span class='ocrx_word' id='word_1_85' title='bbox 1173 1587 1317 1665; x_wconf 78' lang='lat' dir='ltr'>tradidit,</span> <span class='ocrx_word' id='word_1_86' title='bbox 1349 1657 1351 1660; x_wconf 56' lang='grc'><strong>,</strong></span> 
     </span>
     <span class='ocr_line' id='line_1_14' title="bbox 272 1671 1317 1758; baseline -0.002 -20"><span class='ocrx_word' id='word_1_87' title='bbox 272 1689 306 1752; x_wconf 74' lang='lat' dir='ltr'>et</span> <span class='ocrx_word' id='word_1_88' title='bbox 333 1673 409 1758; x_wconf 86' lang='lat' dir='ltr'>igne</span> <span class='ocrx_word' id='word_1_89' title='bbox 439 1674 628 1738; x_wconf 83' lang='lat' dir='ltr'>consumsit.</span> <span class='ocrx_word' id='word_1_90' title='bbox 679 1671 920 1757; x_wconf 83' lang='lat' dir='ltr'>Coepitigitur</span> <span class='ocrx_word' id='word_1_91' title='bbox 949 1673 992 1736; x_wconf 92' lang='lat' dir='ltr'>de</span> <span class='ocrx_word' id='word_1_92' title='bbox 1020 1673 1198 1738; x_wconf 89' lang='lat' dir='ltr'>victorioso</span> <span class='ocrx_word' id='word_1_93' title='bbox 1227 1675 1317 1757; x_wconf 85' lang='lat' dir='ltr'>regis</span> 
     </span>
    </p>

    <p class='ocr_par' dir='ltr' id='par_1_5' title="bbox 179 1757 1411 2354">
     <span class='ocr_line' id='line_1_15' title="bbox 179 1757 1316 1842; baseline 0.003 -23"><span class='ocrx_word' id='word_1_94' title='bbox 179 1769 182 1786; x_wconf 85' lang='lat'>&#39;</span> <span class='ocrx_word' id='word_1_95' title='bbox 271 1757 456 1842; x_wconf 86' lang='lat' dir='ltr'>triumpho,</span> <span class='ocrx_word' id='word_1_96' title='bbox 483 1759 571 1822; x_wconf 82' lang='lat' dir='ltr'>fama</span> <span class='ocrx_word' id='word_1_97' title='bbox 600 1761 807 1834; x_wconf 85' lang='lat' dir='ltr'>crebescere,</span> <span class='ocrx_word' id='word_1_98' title='bbox 836 1775 921 1836; x_wconf 90' lang='lat' dir='ltr'>quae</span> <span class='ocrx_word' id='word_1_99' title='bbox 944 1759 1089 1824; x_wconf 90' lang='lat' dir='ltr'>volando</span> <span class='ocrx_word' id='word_1_100' title='bbox 1112 1759 1224 1824; x_wconf 84' lang='lat' dir='ltr'>denuo</span> <span class='ocrx_word' id='word_1_101' title='bbox 1247 1781 1316 1822; x_wconf 84' lang='lat' dir='ltr'>suc·</span> 
     </span>
     <span class='ocr_line' id='line_1_16' title="bbox 272 1840 1318 1927; baseline 0.005 -24"><span class='ocrx_word' id='word_1_102' title='bbox 272 1848 447 1910; x_wconf 87' lang='lat' dir='ltr'>crescebat.</span> <span class='ocrx_word' id='word_1_103' title='bbox 491 1841 593 1907; x_wconf 86' lang='lat' dir='ltr'>Unde</span> <span class='ocrx_word' id='word_1_104' title='bbox 619 1845 670 1908; x_wconf 90' lang='lat' dir='ltr'>rei</span> <span class='ocrx_word' id='word_1_105' title='bbox 698 1840 834 1916; x_wconf 78' lang='lat' dir='ltr'>veritate</span> <span class='ocrx_word' id='word_1_106' title='bbox 864 1840 951 1905; x_wconf 86' lang='lat' dir='ltr'>urbis</span> <span class='ocrx_word' id='word_1_107' title='bbox 980 1845 1139 1924; x_wconf 83' lang='lat' dir='ltr'>patefacta</span> <span class='ocrx_word' id='word_1_108' title='bbox 1159 1845 1318 1927; x_wconf 70' lang='lat' dir='ltr'>magnati</span> 
     </span>
     <span class='ocr_line' id='line_1_17' title="bbox 269 1925 1318 2010; baseline -0.002 -16"><span class='ocrx_word' id='word_1_109' title='bbox 269 1929 349 2010; x_wconf 81' lang='lat' dir='ltr'>bus,</span> <span class='ocrx_word' id='word_1_110' title='bbox 382 1945 415 1994; x_wconf 92' lang='lat' dir='ltr'>et</span> <span class='ocrx_word' id='word_1_111' title='bbox 436 1929 644 1996; x_wconf 75' lang='lat' dir='ltr'>inferioribus</span> <span class='ocrx_word' id='word_1_112' title='bbox 666 1925 764 1992; x_wconf 86' lang='lat' dir='ltr'>etiam</span> <span class='ocrx_word' id='word_1_113' title='bbox 785 1942 943 2001; x_wconf 86' lang='lat' dir='ltr'>reserata,</span> <span class='ocrx_word' id='word_1_114' title='bbox 973 1928 1138 1998; x_wconf 86' lang='lat' dir='ltr'>Gebellini</span> <span class='ocrx_word' id='word_1_115' title='bbox 1161 1949 1239 1992; x_wconf 89' lang='lat' dir='ltr'>suos</span> <span class='ocrx_word' id='word_1_116' title='bbox 1263 1933 1318 1993; x_wconf 87' lang='lat' dir='ltr'>de·</span> 
     </span>
     <span class='ocr_line' id='line_1_18' title="bbox 269 2013 1316 2098; baseline 0.003 -24"><span class='ocrx_word' id='word_1_117' title='bbox 269 2015 398 2097; x_wconf 86' lang='lat' dir='ltr'>plorant</span> <span class='ocrx_word' id='word_1_118' title='bbox 419 2015 570 2088; x_wconf 86' lang='lat' dir='ltr'>amissos,</span> <span class='ocrx_word' id='word_1_119' title='bbox 584 2031 780 2092; x_wconf 73' lang='lat' dir='ltr'>caesosque</span> <span class='ocrx_word' id='word_1_120' title='bbox 801 2028 992 2088; x_wconf 70' lang='lat' dir='ltr'>recensent,</span> <span class='ocrx_word' id='word_1_121' title='bbox 1020 2013 1076 2093; x_wconf 95' lang='lat' dir='ltr'>qui</span> <span class='ocrx_word' id='word_1_122' title='bbox 1099 2015 1234 2077; x_wconf 84' lang='lat' dir='ltr'>fuerunt</span> <span class='ocrx_word' id='word_1_123' title='bbox 1257 2013 1316 2098; x_wconf 91' lang='lat' dir='ltr'>pri·</span> 
     </span>
     <span class='ocr_line' id='line_1_19' title="bbox 270 2095 1314 2182; baseline 0.003 -23"><span class='ocrx_word' id='word_1_124' title='bbox 270 2099 324 2162; x_wconf 89' lang='lat' dir='ltr'>die</span> <span class='ocrx_word' id='word_1_125' title='bbox 347 2100 435 2164; x_wconf 91' lang='lat' dir='ltr'>bello</span> <span class='ocrx_word' id='word_1_126' title='bbox 457 2099 606 2182; x_wconf 82' lang='lat' dir='ltr'>peremti.</span> <span class='ocrx_word' id='word_1_127' title='bbox 641 2101 718 2162; x_wconf 85' lang='lat' dir='ltr'>Hos</span> <span class='ocrx_word' id='word_1_128' title='bbox 741 2095 842 2172; x_wconf 89' lang='lat' dir='ltr'>enim,</span> <span class='ocrx_word' id='word_1_129' title='bbox 865 2112 993 2178; x_wconf 87' lang='lat' dir='ltr'>praeter</span> <span class='ocrx_word' id='word_1_130' title='bbox 1016 2099 1094 2162; x_wconf 89' lang='lat' dir='ltr'>alios</span> <span class='ocrx_word' id='word_1_131' title='bbox 1118 2095 1314 2180; x_wconf 83' lang='lat' dir='ltr'>praedictos,</span> 
     </span>
     <span class='ocr_line' id='line_1_20' title="bbox 271 2182 1314 2264; baseline 0 -18"><span class='ocrx_word' id='word_1_132' title='bbox 271 2205 343 2246; x_wconf 83' lang='lat' dir='ltr'>rara</span> <span class='ocrx_word' id='word_1_133' title='bbox 364 2185 499 2251; x_wconf 85' lang='lat' dir='ltr'>ulterius</span> <span class='ocrx_word' id='word_1_134' title='bbox 521 2182 637 2256; x_wconf 82' lang='lat' dir='ltr'>uxoria</span> <span class='ocrx_word' id='word_1_135' title='bbox 658 2201 729 2245; x_wconf 88' lang='lat' dir='ltr'>non</span> <span class='ocrx_word' id='word_1_136' title='bbox 751 2199 902 2264; x_wconf 77' lang='lat' dir='ltr'>expectet</span> <span class='ocrx_word' id='word_1_137' title='bbox 926 2183 1075 2260; x_wconf 76' lang='lat' dir='ltr'>affectio,</span> <span class='ocrx_word' id='word_1_138' title='bbox 1106 2205 1170 2246; x_wconf 89' lang='lat' dir='ltr'>nec</span> <span class='ocrx_word' id='word_1_139' title='bbox 1199 2185 1314 2246; x_wconf 80' lang='lat' dir='ltr'>thorus</span> 
     </span>
     <span class='ocr_line' id='line_1_21' title="bbox 269 2264 1411 2354; baseline -0.004 -16"><span class='ocrx_word' id='word_1_140' title='bbox 269 2271 351 2338; x_wconf 85' lang='lat' dir='ltr'>ultra</span> <span class='ocrx_word' id='word_1_141' title='bbox 374 2285 500 2354; x_wconf 84' lang='lat' dir='ltr'>repetat</span> <span class='ocrx_word' id='word_1_142' title='bbox 521 2267 711 2350; x_wconf 84' lang='lat' dir='ltr'>conjugalis.</span> <span class='ocrx_word' id='word_1_143' title='bbox 754 2264 924 2330; x_wconf 82' lang='lat' dir='ltr'>Videlicet</span> <span class='ocrx_word' id='word_1_144' title='bbox 950 2269 1151 2350; x_wconf 80' lang='lat' dir='ltr'>Stephanum</span> <span class='ocrx_word' id='word_1_145' title='bbox 1182 2271 1226 2332; x_wconf 84' lang='lat' dir='ltr'>de</span> <span class='ocrx_word' id='word_1_146' title='bbox 1251 2269 1316 2333; x_wconf 50' lang='grc' dir='ltr'>κΑΙ·</span> <span class='ocrx_word' id='word_1_147' title='bbox 1410 2343 1411 2348; x_wconf 13' lang='lat'>1</span> 
     </span>
    </p>

    <p class='ocr_par' dir='ltr' id='par_1_6' title="bbox 208 2351 1410 2604">
     <span class='ocr_line' id='line_1_22' title="bbox 208 2351 1410 2436; baseline 0 -20"><span class='ocrx_word' id='word_1_148' title='bbox 208 2373 210 2382; x_wconf 91' lang='lat'>·</span> <span class='ocrx_word' id='word_1_149' title='bbox 268 2355 380 2430; x_wconf 89' lang='lat' dir='ltr'>berto,</span> <span class='ocrx_word' id='word_1_150' title='bbox 419 2354 640 2418; x_wconf 85' lang='lat' dir='ltr'>Alberuciutn</span> <span class='ocrx_word' id='word_1_151' title='bbox 673 2366 707 2415; x_wconf 90' lang='lat' dir='ltr'>et</span> <span class='ocrx_word' id='word_1_152' title='bbox 734 2351 924 2420; x_wconf 81' lang='lat' dir='ltr'>Johannem</span> <span class='ocrx_word' id='word_1_153' title='bbox 948 2353 990 2416; x_wconf 89' lang='lat' dir='ltr'>de</span> <span class='ocrx_word' id='word_1_154' title='bbox 1021 2354 1203 2436; x_wconf 87' lang='lat' dir='ltr'>Caporella,</span> <span class='ocrx_word' id='word_1_155' title='bbox 1236 2373 1315 2416; x_wconf 89' lang='lat' dir='ltr'>cum</span> <span class='ocrx_word' id='word_1_156' title='bbox 1408 2419 1410 2422; x_wconf 75' lang='grc'><strong>,</strong></span> 
     </span>
     <span class='ocr_line' id='line_1_23' title="bbox 270 2435 1314 2522; baseline 0.001 -21"><span class='ocrx_word' id='word_1_157' title='bbox 270 2439 388 2522; x_wconf 87' lang='lat' dir='ltr'>quibus</span> <span class='ocrx_word' id='word_1_158' title='bbox 416 2439 451 2500; x_wconf 91' lang='lat' dir='ltr'>in</span> <span class='ocrx_word' id='word_1_159' title='bbox 479 2439 568 2503; x_wconf 91' lang='lat' dir='ltr'>bello</span> <span class='ocrx_word' id='word_1_160' title='bbox 599 2435 670 2502; x_wconf 89' lang='lat' dir='ltr'>sine</span> <span class='ocrx_word' id='word_1_161' title='bbox 699 2435 836 2500; x_wconf 88' lang='lat' dir='ltr'>nomine</span> <span class='ocrx_word' id='word_1_162' title='bbox 866 2437 1041 2502; x_wconf 85' lang='lat' dir='ltr'>multitudo</span> <span class='ocrx_word' id='word_1_163' title='bbox 1070 2438 1220 2521; x_wconf 89' lang='lat' dir='ltr'>peditum</span> <span class='ocrx_word' id='word_1_164' title='bbox 1249 2443 1314 2502; x_wconf 85' lang='lat' dir='ltr'>Ro·</span> 
     </span>
     <span class='ocr_line' id='line_1_24' title="bbox 268 2521 1315 2604; baseline 0 -18"><span class='ocrx_word' id='word_1_165' title='bbox 268 2545 443 2587; x_wconf 86' lang='lat' dir='ltr'>manorum</span> <span class='ocrx_word' id='word_1_166' title='bbox 465 2521 720 2588; x_wconf 85' lang='lat' dir='ltr'>irrevocabiliter</span> <span class='ocrx_word' id='word_1_167' title='bbox 742 2537 792 2588; x_wconf 91' lang='lat' dir='ltr'>est</span> <span class='ocrx_word' id='word_1_168' title='bbox 813 2523 965 2604; x_wconf 87' lang='lat' dir='ltr'>collapsa.</span> <span class='ocrx_word' id='word_1_169' title='bbox 1010 2526 1127 2587; x_wconf 88' lang='lat' dir='ltr'>Petrus</span> <span class='ocrx_word' id='word_1_170' title='bbox 1147 2545 1229 2588; x_wconf 90' lang='lat' dir='ltr'>vero</span> <span class='ocrx_word' id='word_1_171' title='bbox 1248 2527 1315 2588; x_wconf 89' lang='lat' dir='ltr'>Ro·</span> 
     </span>
    </p>

    <p class='ocr_par' dir='ltr' id='par_1_7' title="bbox 209 2605 1314 2684">
     <span class='ocr_line' id='line_1_25' title="bbox 209 2605 1314 2684; baseline -0.002 -12"><span class='ocrx_word' id='word_1_172' title='bbox 209 2631 213 2640; x_wconf 65' lang='grc'><em>“</em></span> <span class='ocrx_word' id='word_1_173' title='bbox 270 2609 375 2684; x_wconf 86' lang='lat' dir='ltr'>mani,</span> <span class='ocrx_word' id='word_1_174' title='bbox 398 2611 540 2674; x_wconf 82' lang='lat' dir='ltr'>Romam</span> <span class='ocrx_word' id='word_1_175' title='bbox 563 2607 694 2672; x_wconf 87' lang='lat' dir='ltr'>rediens</span> <span class='ocrx_word' id='word_1_176' title='bbox 716 2627 785 2670; x_wconf 87' lang='lat' dir='ltr'>non</span> <span class='ocrx_word' id='word_1_177' title='bbox 807 2605 1000 2683; x_wconf 87' lang='lat' dir='ltr'>incolumis,</span> <span class='ocrx_word' id='word_1_178' title='bbox 1028 2611 1087 2672; x_wconf 86' lang='lat' dir='ltr'>sed</span> <span class='ocrx_word' id='word_1_179' title='bbox 1109 2605 1314 2672; x_wconf 81' lang='lat' dir='ltr'>Gallicorum</span> 
     </span>
    </p>

    <p class='ocr_par' dir='ltr' id='par_1_8' title="bbox 181 2691 1315 2862">
     <span class='ocr_line' id='line_1_26' title="bbox 181 2691 1315 2775; baseline -0.003 -17"><span class='ocrx_word' id='word_1_180' title='bbox 181 2692 186 2713; x_wconf 78' lang='lat'><strong><em>¹</em></strong></span> <span class='ocrx_word' id='word_1_181' title='bbox 270 2695 457 2775; x_wconf 79' lang='lat' dir='ltr'>ingentibus</span> <span class='ocrx_word' id='word_1_182' title='bbox 478 2693 594 2756; x_wconf 89' lang='lat' dir='ltr'>ictibus</span> <span class='ocrx_word' id='word_1_183' title='bbox 618 2693 805 2768; x_wconf 76' lang='lat' dir='ltr'>mallemus,</span> <span class='ocrx_word' id='word_1_184' title='bbox 834 2691 1046 2772; x_wconf 85' lang='lat' dir='ltr'>permodica</span> <span class='ocrx_word' id='word_1_185' title='bbox 1078 2694 1199 2758; x_wconf 81' lang='lat' dir='ltr'>vivens</span> <span class='ocrx_word' id='word_1_186' title='bbox 1234 2709 1315 2757; x_wconf 78' lang='lat' dir='ltr'>tem·</span> 
     </span>
     <span class='ocr_line' id='line_1_27' title="bbox 269 2779 1315 2862; baseline 0.001 -21"><span class='ocrx_word' id='word_1_187' title='bbox 269 2797 360 2862; x_wconf 78' lang='lat' dir='ltr'>pora,</span> <span class='ocrx_word' id='word_1_188' title='bbox 382 2793 551 2862; x_wconf 89' lang='lat' dir='ltr'>praetextu</span> <span class='ocrx_word' id='word_1_189' title='bbox 575 2791 782 2860; x_wconf 83' lang='lat' dir='ltr'>receptorum</span> <span class='ocrx_word' id='word_1_190' title='bbox 805 2797 982 2840; x_wconf 87' lang='lat' dir='ltr'>munerum</span> <span class='ocrx_word' id='word_1_191' title='bbox 1005 2794 1038 2842; x_wconf 86' lang='lat' dir='ltr'>et</span> <span class='ocrx_word' id='word_1_192' title='bbox 1058 2779 1115 2842; x_wconf 80' lang='lat' dir='ltr'>itta</span> <span class='ocrx_word' id='word_1_193' title='bbox 1128 2780 1315 2854; x_wconf 68' lang='lat' dir='ltr'>occasione,</span> 
     </span>
    </p>

    <p class='ocr_par' dir='ltr' id='par_1_9' title="bbox 181 2861 1409 3032">
     <span class='ocr_line' id='line_1_28' title="bbox 181 2861 1314 2952; baseline 0 -26"><span class='ocrx_word' id='word_1_194' title='bbox 181 2909 185 2918; x_wconf 82' lang='grc'>.</span> <span class='ocrx_word' id='word_1_195' title='bbox 268 2885 343 2930; x_wconf 88' lang='lat' dir='ltr'>aute</span> <span class='ocrx_word' id='word_1_196' title='bbox 367 2867 498 2929; x_wconf 83' lang='lat' dir='ltr'>fatalem</span> <span class='ocrx_word' id='word_1_197' title='bbox 521 2863 609 2928; x_wconf 85' lang='lat' dir='ltr'>diem</span> <span class='ocrx_word' id='word_1_198' title='bbox 633 2862 744 2924; x_wconf 85' lang='lat' dir='ltr'>mortis</span> <span class='ocrx_word' id='word_1_199' title='bbox 767 2861 928 2926; x_wconf 81' lang='lat' dir='ltr'>morsibus</span> <span class='ocrx_word' id='word_1_200' title='bbox 949 2863 1136 2944; x_wconf 83' lang='lat' dir='ltr'>exspiravit.</span> <span class='ocrx_word' id='word_1_201' title='bbox 1165 2863 1314 2952; x_wconf 79' lang='lat' dir='ltr'>Quidam</span> 
     </span>
     <span class='ocr_line' id='line_1_29' title="bbox 268 2943 1409 3032; baseline 0 -18"><span class='ocrx_word' id='word_1_202' title='bbox 268 2953 367 3014; x_wconf 82' lang='lat' dir='ltr'>etiam</span> <span class='ocrx_word' id='word_1_203' title='bbox 391 2947 541 3012; x_wconf 86' lang='lat' dir='ltr'>Cinthius</span> <span class='ocrx_word' id='word_1_204' title='bbox 564 2950 607 3013; x_wconf 91' lang='lat' dir='ltr'>de</span> <span class='ocrx_word' id='word_1_205' title='bbox 629 2943 772 3020; x_wconf 64' lang='lat' dir='ltr'>(lenuis,</span> <span class='ocrx_word' id='word_1_206' title='bbox 806 2967 906 3026; x_wconf 88' lang='lat' dir='ltr'>quem</span> <span class='ocrx_word' id='word_1_207' title='bbox 929 2969 996 3011; x_wconf 91' lang='lat' dir='ltr'>una</span> <span class='ocrx_word' id='word_1_208' title='bbox 1017 2949 1118 3029; x_wconf 83' lang='lat' dir='ltr'>fides,</span> <span class='ocrx_word' id='word_1_209' title='bbox 1151 2969 1220 3011; x_wconf 91' lang='lat' dir='ltr'>una</span> <span class='ocrx_word' id='word_1_210' title='bbox 1242 2967 1313 3032; x_wconf 84' lang='lat' dir='ltr'>per·</span> <span class='ocrx_word' id='word_1_211' title='bbox 1407 2951 1409 2994; x_wconf 77' lang='lat' dir='ltr'>t</span> 
     </span>
    </p>

    <p class='ocr_par' dir='ltr' id='par_1_10' title="bbox 174 3029 1408 3708">
     <span class='ocr_line' id='line_1_30' title="bbox 174 3029 1322 3122; baseline 0.001 -26"><span class='ocrx_word' id='word_1_212' title='bbox 174 3097 180 3118; x_wconf 27' lang='lat' dir='ltr'>p</span> <span class='ocrx_word' id='word_1_213' title='bbox 268 3035 359 3110; x_wconf 86' lang='lat' dir='ltr'>fidia,</span> <span class='ocrx_word' id='word_1_214' title='bbox 388 3053 521 3116; x_wconf 88' lang='lat' dir='ltr'>unaque</span> <span class='ocrx_word' id='word_1_215' title='bbox 550 3033 657 3118; x_wconf 87' lang='lat' dir='ltr'>passio</span> <span class='ocrx_word' id='word_1_216' title='bbox 686 3029 795 3096; x_wconf 82' lang='lat' dir='ltr'>eidam</span> <span class='ocrx_word' id='word_1_217' title='bbox 818 3035 918 3096; x_wconf 89' lang='lat' dir='ltr'>Petro</span> <span class='ocrx_word' id='word_1_218' title='bbox 942 3034 1172 3122; x_wconf 81' lang='lat' dir='ltr'>conjunxerat,</span> <span class='ocrx_word' id='word_1_219' title='bbox 1200 3047 1322 3098; x_wconf 46' lang='lat' dir='ltr'>contu*</span> 
     </span>
     <span class='ocr_line' id='line_1_31' title="bbox 268 3120 1408 3202; baseline 0.002 -22"><span class='ocrx_word' id='word_1_220' title='bbox 268 3137 322 3182; x_wconf 87' lang='lat' dir='ltr'>sus</span> <span class='ocrx_word' id='word_1_221' title='bbox 356 3123 502 3198; x_wconf 78' lang='lat' dir='ltr'>membra</span> <span class='ocrx_word' id='word_1_222' title='bbox 536 3141 596 3202; x_wconf 86' lang='lat' dir='ltr'>per</span> <span class='ocrx_word' id='word_1_223' title='bbox 628 3131 732 3182; x_wconf 91' lang='lat' dir='ltr'>totum</span> <span class='ocrx_word' id='word_1_224' title='bbox 766 3137 960 3198; x_wconf 86' lang='lat' dir='ltr'>recuperare</span> <span class='ocrx_word' id='word_1_225' title='bbox 1000 3139 1171 3200; x_wconf 90' lang='lat' dir='ltr'>nunquam</span> <span class='ocrx_word' id='word_1_226' title='bbox 1205 3120 1315 3201; x_wconf 82' lang='lat' dir='ltr'>potuit</span> <span class='ocrx_word' id='word_1_227' title='bbox 1406 3167 1408 3202; x_wconf 35' lang='grc' dir='ltr'>Ξ</span> 
     </span>
     <span class='ocr_line' id='line_1_32' title="bbox 267 3203 1339 3287; baseline 0.001 -21"><span class='ocrx_word' id='word_1_228' title='bbox 267 3205 458 3280; x_wconf 82' lang='lat' dir='ltr'>sanitatem,</span> <span class='ocrx_word' id='word_1_229' title='bbox 486 3207 546 3268; x_wconf 88' lang='lat' dir='ltr'>sed</span> <span class='ocrx_word' id='word_1_230' title='bbox 578 3225 620 3268; x_wconf 85' lang='lat' dir='ltr'>ex</span> <span class='ocrx_word' id='word_1_231' title='bbox 648 3223 691 3267; x_wconf 88' lang='lat' dir='ltr'>eo</span> <span class='ocrx_word' id='word_1_232' title='bbox 719 3203 800 3265; x_wconf 87' lang='lat' dir='ltr'>lucis</span> <span class='ocrx_word' id='word_1_233' title='bbox 831 3203 968 3266; x_wconf 88' lang='lat' dir='ltr'>omnino</span> <span class='ocrx_word' id='word_1_234' title='bbox 996 3206 1098 3268; x_wconf 86' lang='lat' dir='ltr'>factus</span> <span class='ocrx_word' id='word_1_235' title='bbox 1122 3219 1172 3270; x_wconf 81' lang='lat' dir='ltr'>est</span> <span class='ocrx_word' id='word_1_236' title='bbox 1192 3223 1339 3287; x_wconf 42' lang='lat' dir='ltr'>expers,¹</span> 
     </span>
     <span class='ocr_line' id='line_1_33' title="bbox 269 3289 1313 3370; baseline 0.006 -21"><span class='ocrx_word' id='word_1_237' title='bbox 269 3292 428 3352; x_wconf 87' lang='lat' dir='ltr'>continua</span> <span class='ocrx_word' id='word_1_238' title='bbox 450 3289 641 3354; x_wconf 86' lang='lat' dir='ltr'>valetudine</span> <span class='ocrx_word' id='word_1_239' title='bbox 665 3303 854 3350; x_wconf 88' lang='lat' dir='ltr'>maceratus.</span> <span class='ocrx_word' id='word_1_240' title='bbox 898 3289 1078 3351; x_wconf 88' lang='lat' dir='ltr'>Corradinu</span> <span class='ocrx_word' id='word_1_241' title='bbox 1101 3290 1230 3370; x_wconf 76' lang='lat' dir='ltr'>itaque3</span> <span class='ocrx_word' id='word_1_242' title='bbox 1259 3289 1313 3352; x_wconf 90' lang='lat' dir='ltr'>cui</span> 
     </span>
     <span class='ocr_line' id='line_1_34' title="bbox 265 3373 1312 3458; baseline -0.004 -17"><span class='ocrx_word' id='word_1_243' title='bbox 265 3373 390 3449; x_wconf 83' lang='lat' dir='ltr'>nullus‘,</span> <span class='ocrx_word' id='word_1_244' title='bbox 412 3389 488 3458; x_wconf 88' lang='lat' dir='ltr'>post</span> <span class='ocrx_word' id='word_1_245' title='bbox 509 3373 676 3438; x_wconf 87' lang='lat' dir='ltr'>devictum</span> <span class='ocrx_word' id='word_1_246' title='bbox 700 3395 716 3434; x_wconf 90' lang='lat' dir='ltr'>a</span> <span class='ocrx_word' id='word_1_247' title='bbox 741 3373 872 3436; x_wconf 80' lang='lat' dir='ltr'>Gallicis</span> <span class='ocrx_word' id='word_1_248' title='bbox 894 3376 1036 3449; x_wconf 86' lang='lat' dir='ltr'>bellum,</span> <span class='ocrx_word' id='word_1_249' title='bbox 1059 3374 1214 3439; x_wconf 81' lang='lat' dir='ltr'>remansit</span> <span class='ocrx_word' id='word_1_250' title='bbox 1236 3375 1312 3438; x_wconf 83' lang='lat' dir='ltr'>arni-</span> 
     </span>
     <span class='ocr_line' id='line_1_35' title="bbox 268 3455 1313 3541; baseline 0.002 -21"><span class='ocrx_word' id='word_1_251' title='bbox 268 3479 335 3532; x_wconf 82' lang='lat' dir='ltr'>cus,</span> <span class='ocrx_word' id='word_1_252' title='bbox 350 3459 445 3522; x_wconf 85' lang='lat' dir='ltr'>urbis</span> <span class='ocrx_word' id='word_1_253' title='bbox 468 3475 603 3541; x_wconf 84' lang='lat' dir='ltr'>petente</span> <span class='ocrx_word' id='word_1_254' title='bbox 625 3459 797 3533; x_wconf 83' lang='lat' dir='ltr'>tutamina,</span> <span class='ocrx_word' id='word_1_255' title='bbox 822 3455 974 3521; x_wconf 86' lang='lat' dir='ltr'>dominus</span> <span class='ocrx_word' id='word_1_256' title='bbox 995 3459 1177 3536; x_wconf 67' lang='lat' dir='ltr'>Iohannes,</span> <span class='ocrx_word' id='word_1_257' title='bbox 1199 3475 1235 3524; x_wconf 86' lang='lat' dir='ltr'>et</span> <span class='ocrx_word' id='word_1_258' title='bbox 1255 3461 1313 3522; x_wconf 81' lang='lat' dir='ltr'>do</span> 
     </span>
     <span class='ocr_line' id='line_1_36' title="bbox 267 3543 1312 3627; baseline 0.004 -23"><span class='ocrx_word' id='word_1_259' title='bbox 267 3545 376 3607; x_wconf 86' lang='lat' dir='ltr'>minus</span> <span class='ocrx_word' id='word_1_260' title='bbox 399 3545 582 3608; x_wconf 85' lang='lat' dir='ltr'>Pandulfus</span> <span class='ocrx_word' id='word_1_261' title='bbox 605 3544 648 3606; x_wconf 90' lang='lat' dir='ltr'>de</span> <span class='ocrx_word' id='word_1_262' title='bbox 670 3545 816 3617; x_wconf 87' lang='lat' dir='ltr'>Sabello,</span> <span class='ocrx_word' id='word_1_263' title='bbox 838 3543 992 3606; x_wconf 79' lang='lat' dir='ltr'>dominus</span> <span class='ocrx_word' id='word_1_264' title='bbox 1014 3547 1231 3622; x_wconf 79' lang='lat' dir='ltr'>Bettholdus‚</span> <span class='ocrx_word' id='word_1_265' title='bbox 1253 3543 1312 3627; x_wconf 85' lang='lat' dir='ltr'>qul</span> 
     </span>
     <span class='ocr_line' id='line_1_37' title="bbox 251 3627 1310 3708; baseline 0.005 -18"><span class='ocrx_word' id='word_1_266' title='bbox 251 3641 344 3708; x_wconf 26' lang='lat' dir='ltr'>&#39;tunc</span> <span class='ocrx_word' id='word_1_267' title='bbox 367 3631 409 3694; x_wconf 87' lang='lat' dir='ltr'>de</span> <span class='ocrx_word' id='word_1_268' title='bbox 431 3630 520 3692; x_wconf 85' lang='lat' dir='ltr'>bello</span> <span class='ocrx_word' id='word_1_269' title='bbox 542 3628 698 3705; x_wconf 82' lang='lat' dir='ltr'>redierat,</span> <span class='ocrx_word' id='word_1_270' title='bbox 719 3627 839 3692; x_wconf 87' lang='lat' dir='ltr'>intrant</span> <span class='ocrx_word' id='word_1_271' title='bbox 859 3629 1174 3706; x_wconf 71' lang='lat' dir='ltr'>hostilitenurbem,</span> <span class='ocrx_word' id='word_1_272' title='bbox 1196 3633 1310 3695; x_wconf 87' lang='lat' dir='ltr'>multis</span> 
     </span>
    </p>

    <p class='ocr_par' dir='ltr' id='par_1_11' title="bbox 228 3713 1406 4122">
     <span class='ocr_line' id='line_1_38' title="bbox 228 3713 1310 3802; baseline 0.004 -26"><span class='ocrx_word' id='word_1_273' title='bbox 228 3713 233 3720; x_wconf 84' lang='lat'>&#39;</span> <span class='ocrx_word' id='word_1_274' title='bbox 266 3714 398 3796; x_wconf 82' lang='lat' dir='ltr'>paribus</span> <span class='ocrx_word' id='word_1_275' title='bbox 427 3725 461 3778; x_wconf 88' lang='lat' dir='ltr'>et</span> <span class='ocrx_word' id='word_1_276' title='bbox 486 3713 663 3799; x_wconf 86' lang='lat' dir='ltr'>imparibus</span> <span class='ocrx_word' id='word_1_277' title='bbox 685 3713 899 3793; x_wconf 85' lang='lat' dir='ltr'>sequentibus</span> <span class='ocrx_word' id='word_1_278' title='bbox 921 3715 994 3778; x_wconf 86' lang='lat' dir='ltr'>illos</span> <span class='ocrx_word' id='word_1_279' title='bbox 1018 3717 1161 3802; x_wconf 82' lang='lat' dir='ltr'>Guelfis,</span> <span class='ocrx_word' id='word_1_280' title='bbox 1190 3731 1224 3779; x_wconf 86' lang='lat' dir='ltr'>et</span> <span class='ocrx_word' id='word_1_281' title='bbox 1246 3719 1310 3780; x_wconf 78' lang='lat' dir='ltr'>Ge</span> 
     </span>
     <span class='ocr_line' id='line_1_39' title="bbox 266 3797 1310 3884; baseline 0.005 -25"><span class='ocrx_word' id='word_1_282' title='bbox 266 3800 465 3862; x_wconf 83' lang='lat' dir='ltr'>bellinorum</span> <span class='ocrx_word' id='word_1_283' title='bbox 499 3797 691 3880; x_wconf 85' lang='lat' dir='ltr'>trepidantia</span> <span class='ocrx_word' id='word_1_284' title='bbox 722 3797 846 3863; x_wconf 83' lang='lat' dir='ltr'>infestis</span> <span class='ocrx_word' id='word_1_285' title='bbox 878 3801 1064 3884; x_wconf 80' lang='lat' dir='ltr'>rumoribus</span> <span class='ocrx_word' id='word_1_286' title='bbox 1093 3804 1210 3877; x_wconf 86' lang='lat' dir='ltr'>corda,</span> <span class='ocrx_word' id='word_1_287' title='bbox 1249 3817 1310 3864; x_wconf 88' lang='lat' dir='ltr'>tur·</span> 
     </span>
     <span class='ocr_line' id='line_1_40' title="bbox 266 3883 1406 3966; baseline 0.004 -21"><span class='ocrx_word' id='word_1_288' title='bbox 266 3887 345 3946; x_wconf 90' lang='lat' dir='ltr'>bant</span> <span class='ocrx_word' id='word_1_289' title='bbox 373 3899 492 3948; x_wconf 86' lang='lat' dir='ltr'>contra·</span> <span class='ocrx_word' id='word_1_290' title='bbox 515 3883 627 3948; x_wconf 89' lang='lat' dir='ltr'>hostes</span> <span class='ocrx_word' id='word_1_291' title='bbox 657 3883 759 3956; x_wconf 87' lang='lat' dir='ltr'>bella;</span> <span class='ocrx_word' id='word_1_292' title='bbox 787 3884 873 3949; x_wconf 84' lang='lat' dir='ltr'>inter</span> <span class='ocrx_word' id='word_1_293' title='bbox 892 3887 985 3948; x_wconf 87' lang='lat' dir='ltr'>cives</span> <span class='ocrx_word' id='word_1_294' title='bbox 1007 3907 1089 3949; x_wconf 85' lang='lat' dir='ltr'>vero</span> <span class='ocrx_word' id='word_1_295' title='bbox 1108 3887 1310 3966; x_wconf 80' lang='lat' dir='ltr'>&#39;seditionem</span> <span class='ocrx_word' id='word_1_296' title='bbox 1405 3937 1406 3950; x_wconf 64' lang='grc'>,</span> 
     </span>
     <span class='ocr_line' id='line_1_41' title="bbox 267 3967 1406 4050; baseline 0.001 -17"><span class='ocrx_word' id='word_1_297' title='bbox 267 3973 438 4036; x_wconf 82' lang='lat' dir='ltr'>studentes</span> <span class='ocrx_word' id='word_1_298' title='bbox 460 3991 502 4036; x_wconf 82' lang='lat' dir='ltr'>ex</span> <span class='ocrx_word' id='word_1_299' title='bbox 524 3967 761 4036; x_wconf 82' lang='lat' dir='ltr'>deliberatione</span> <span class='ocrx_word' id='word_1_300' title='bbox 782 3988 937 4050; x_wconf 66' lang='lat' dir='ltr'>moveret</span> <span class='ocrx_word' id='word_1_301' title='bbox 952 3971 1177 4047; x_wconf 81' lang='lat' dir='ltr'>nibilominus</span> <span class='ocrx_word' id='word_1_302' title='bbox 1196 3988 1309 4046; x_wconf 79' lang='lat' dir='ltr'>tamen</span> <span class='ocrx_word' id='word_1_303' title='bbox 1404 4007 1406 4034; x_wconf 58' lang='lat'>2</span> 
     </span>
     <span class='ocr_line' id='line_1_42' title="bbox 284 4059 1309 4122; baseline -0.004 0"><span class='ocrx_word' id='word_1_304' title='bbox 284 4072 292 4092; x_wconf 85' lang='lat'><strong><em>¹</em></strong></span> <span class='ocrx_word' id='word_1_305' title='bbox 505 4081 509 4090; x_wconf 90' lang='lat'><em>·</em></span> <span class='ocrx_word' id='word_1_306' title='bbox 1231 4059 1309 4122; x_wconf 84' lang='lat' dir='ltr'>Cor·</span> 
     </span>
    </p>
   </div>
   <div class='ocr_carea' id='block_1_3' title="bbox 0 0 1416 4854">
    <p class='ocr_par' dir='ltr' id='par_1_12' title="bbox 0 0 1416 4854">
     <span class='ocr_line' id='line_1_43' title="bbox 0 0 1416 4854; baseline 0 2"><span class='ocrx_word' id='word_1_307' title='bbox 0 0 1416 4854; x_wconf 95' lang='lat' dir='ltr'> </span> 
     </span>
    </p>
   </div>
  </div>
 </body>
</html>
