2824 4854
159 479 162 486 ·
247 371 365 533 ἰοιι

262 651 374 736 yerta.
414 623 557 694 Tantam
571 623 692 699 haberit
710 624 909 710 'potestatem
929 647 1032 712 stipat
1052 643 1188 708 omnes,
1216 619 1314 730 qued
1406 663 1408 696 i

264 720 300 784 in
322 714 416 786 omni
437 715 586 792 civitate,
613 711 751 781 statutis·
759 711 902 795 ipsarum
924 715 1082 797 acceptis,
1114 737 1175 780 suo
1196 721 1313 782 emen‘-
1406 733 1408 780 t

264 803 360 870 davit
384 799 532 876 arbitrio,
560 798 716 875 addendo
744 814 778 862 et
803 797 1021 866 detrahendo.
1071 793 1236 884 Captivos.
1255 823 1312 866 au·
1406 801 1408 878 f

264 903 352 963 tem,
379 886 582 966 ubicumque
603 885 751 959 fuerant,
779 883 896 969 dimitti
917 885 1004 950 fecit.
1045 879 1092 952 Ὲι
1112 886 1221 950 ιιιιιιιι
1239 909 1312 952 cer·

216 3726 220 3737 ‹
251 3691 390 3765 ciendo,
424 3690 654 3754 osculabantur
675 3689 745 3752 ad
737 3689 898 3766 invicem,
930 3693 1203 3792 praedicatione
1194 3693 1297 3778 ιριιιιι
1377 3697 1380 3704 ’
1409 3691 1411 3778 j

219 3773 220 3780 '
243 3779 293 3837 'ad
322 3773 424 3838 boc
415 3775 591 3856 tnspirati:
583 3775 790 3840 habebatur
820 3775 916 3840 enim
940 3779 1032 3857 quasi
1052 3781 1214 3862 propbeta
1232 3803 1298 3862 per

171 3920 218 3977 i

530 375 641 427 1¹¹1

262 989 335 1036 turn
361 970 538 1038 terminum
566 989 626 1054 pro
657 991 739 1052 pace
765 969 916 1034 iacienda
935 985 977 1036 et
1004 971 1180 1048 firmanda,
1216 971 1310 1053 apud
1407 965 1408 978 ¹

255 1058 435 1124 civitatem
458 1057 615 1133 Verona,
648 1053 884 1137 praecipiendo
911 1057 1082 1137 praedictis
1111 1056 1310 1134 civitatibus,
1407 1111 1408 1114 ,

261 1157 297 1208 et
317 1140 484 1232 personis,
511 1141 603 1221 quod
625 1153 737 1206 essent
757 1155 850 1202 tunc
857 1139 903 1207 itu·
924 1159 1035 1204 coram
1063 1164 1107 1208 eo
1134 1163 1195 1225 ριο
1217 1161 1311 1225 prae·
1407 1195 1408 1216 ,

182 1230 207 1270 '·
260 1224 427 1292 dicatione
455 1226 634 1300 audienda,
660 1240 702 1288 et
728 1214 901 1288 laudum
895 1225 984 1307 pacis
1006 1226 1092 1292 inter
1111 1247 1240 1292 omnes
1264 1262 1312 1278 --
1407 1245 1409 1308 g

262 1313 341 1392 Fuit
359 1313 408 1398 ibi
429 1309 549 1383 Brixia,
568 1311 718 1385 Mantua,
739 1309 901 1385 Verona,
913 1311 1078 1390 Vicentia,
1105 1311 1311 1388 Tarvisium,
1404 1325 1409 1392 ξ

256 1383 401 1468 Ειιιιιιιί
424 1412 457 1466 et
476 1397 716 1469 Bellunenses‚
738 1409 772 1458 et
792 1394 919 1458 damini
941 1399 985 1460 de
1007 1394 1180 1471 Romano,
1200 1412 1237 1462 et
1256 1397 1311 1460 itti
1334 1477 1337 1481 Ι
1401 1401 1409 1470 T

195 1483 199 1496 '
260 1483 310 1548 de.
326 1482 477 1557 Camino,
498 1479 666 1555 Paduani,
683 1493 726 1544 et
745 1479 788 1544 de
810 1479 880 1547 aliis
902 1479 1100 1560 civititibus,
1134 1483 1243 1546 castris
1273 1496 1310 1548 et
1407 1505 1409 1570 3

253 1552 364 1642 -villis,
393 1564 547 1631 homines
582 1581 616 1630 et
643 1525 848 1629 foeminae
839 1565 1048 1630 innumerati.
1090 1567 1168 1632 Fuit
1193 1581 1228 1632 et
1254 1565 1309 1631 ibi
1365 1582 1378 1599 ‘
1407 1577 1409 1606 2

180 1687 185 1694 ·
259 1650 509 1734 Aquilegiensis
537 1649 726 1744 patriarcha
746 1669 822 1712 cum
852 1653 1006 1714 omnibus
1029 1653 1193 1735 episcopis
1215 1673 1310 1734 prae·

197 1743 199 1750 '
250 1735 420 1803 'dictarum
441 1735 621 1806 civitatum.
663 1731 742 1798 Fuit
763 1733 809 1798 ibi
830 1735 976 1818 marchio
997 1737 1159 1813 Estensis,
1193 1753 1227 1800 et
1247 1739 1309 1800 fra·
1407 1783 1409 1818 ι

259 1836 309 1886 ιιι
329 1805 510 1884 Jordanusr
545 1799 726 1902 presbyteri
748 1839 885 1906 quoque
914 1835 948 1884 et
975 1819 1098 1898 clerici,
1127 1821 1248 1886 milites
1270 1837 1310 1887 et
1408 1821 1410 1884 t

258 1907 452 1988 populares,
480 1923 607 1968 omnes
625 1907 696 1968 fere
725 1903 859 1968 istarum
888 1905 1074 1984 civitatum,
1100 1908 1246 1972 inermes
1269 1922 1308 1972 et
1409 1939 1410 1950 ι

242 2013 338 2072 ,cum
369 1991 501 2058 vexillis
529 1987 677 2055 cruciatis
703 1991 838 2054 fuerunt
864 1978 1020 2055 ibidem.
1041 1993 1148 2056 Tanta
1176 1991 1238 2056 fuit
1256 1991 1308 2056 ibi
1408 1999 1410 2070 ζ

249 2075 471 2152 innumerosa
494 2076 680 2150 multitudo,
700 2075 793 2154 quod
816 2073 937 2160 (sicut
944 2067 1066 2140 dictum
1089 2084 1160 2158 est)
1183 2099 1202 2140 a
1225 2094 1307 2142 tetu-
1408 2099 1410 2158 J

249 2181 348 2243 ‚pore
360 2163 443 2232 Jesu
464 2159 627 2234 Christi,
619 2181 653 2222 ιιι
676 2153 756 2235 hoc,
777 2169 846 2242 ‘per
867 2161 1002 2242 aiicujus
1024 2161 1307 2262 praedicationem
1409 2189 1410 2216 1

257 2261 306 2308 tot
332 2265 402 2308 non
429 2245 563 2338 fuerunt
592 2243 782 2327 cougregati
813 2245 847 2308 ιιι
869 2267 992 2308 unum:
1029 2261 1063 2311 et
1087 2247 1121 2310 in
1149 2269 1307 2312 reveren
1409 2261 1410 2264 ’

256 2331 335 2392 tiam
355 2329 466 2413 ipsius
479 2347 537 2411 pro
560 2329 677 2410 majori
691 2333 801 2430 parte·
807 2329 938 2394 fuerant
958 2332 1144 2398 discalciati.
1195 2334 1305 2396 Erant

257 2421 407 2520 quoque
414 2415 561 2480 cititates
584 2433 661 2486 cum
683 2413 830 2480 carrociis
852 2414 918 2477 tuis
922 2437 1040 2496 quam
1062 2418 1183 2499 plures.
1205 2419 1305 2484 Prae-

257 2500 407 2565 dicavit
398 2517 483 2565 inter
504 2499 588 2574 illos,
609 2513 643 2564 et
665 2495 782 2598 (quod
803 2515 859 2563 est·
872 2499 1070 2602 mirabile)
1060 2523 1129 2565 vox
1150 2501 1238 2567 iltius
1259 2507 1304 2566 ab
1410 2505 1411 2556 ἐ

256 2587 411 2650 omnibus
444 2587 638 2650 audiebatur
669 2583 857 2648 mirabiliter
889 2601 922 2648 et
954 2587 1139 2652 clarissime.
1200 2590 1301 2652 Facta

256 2671 512 2755 praedicatione,
545 2689 662 2766 pacem
696 2669 941 2752 pronunciavit,
979 2688 1013 2737 et
1038 2671 1186 2738 laudavit
1216 2671 1305 2738 inter

256 2777 392 2830 omnes,
414 2771 448 2821 et
470 2753 635 2820 ordinavit
656 2771 735 2822 tunc
756 2753 1000 2824 matrimonium
1021 2756 1107 2822 inter
1128 2757 1303 2822 dominam

254 2841 506 2915 Adelehitam,
520 2841 631 2904 filiam
648 2840 778 2904 domini
806 2840 957 2906 Alberici
988 2843 1032 2907 de
1059 2845 1233 2920 Romano,
1265 2859 1303 2908 et

253 2927 457 2990 Rainaldum
486 2926 590 2988 filium
612 2923 825 2995 marchionis¹
845 2925 1005 2992 Estensis.
1048 2927 1151 3008 Cujus
1174 2928 1301 2993 dictum

246 3016 294 3072 ab
316 3011 471 3083 omnibus
499 3031 575 3073 cum
604 3009 730 3090 magnis
757 3000 909 3076 laudibus
934 3011 1000 3076 fuit
1019 3012 1200 3095 gratissime
1224 3035 1303 3077 con

230 3097 429 3179 ,ιιιιιιιιιιιιι
482 3097 563 3177 Ipse
602 3111 736 3194 amem-⁰
744 3097 1033 3193 transgressoribus
1061 3100 1324 3176 anathematis,·

232 3201 409 3328 1ριιιιιιιιι,
430 3195 464 3244 et
483 3182 565 3244 Jestr
587 3179 707 3244 Ohrttti
726 3177 997 3262 indignationem,
1020 3195 1053 3247 et
1074 3204 1212 3248 omnem
1234 3207 1301 3248 ma.

266 3265 465 3332 edictionem
493 3265 624 3330 indixita
649 3266 929 3330 ¹conservantibus
958 3281 1069 3332 autem
1096 3269 1168 3333 Dei
1195 3269 1300 3332 omni·
1341 3333 1346 3340 .

153 3360 155 3367 ’
252 3351 396 3433 potentis
418 3349 571 3432 gratiam,
600 3366 632 3414 et
653 3369 747 3414 tuam
768 3351 1036 3416 benedictionem
1057 3355 1234 3432 concessit,
1264 3369 1301 3419 et

160 3499 163 3516 ¹
235 3437 300 3514 ,sio
320 3451 539 3500 revertuntur
567 3437 608 3498 ad
636 3435 804 3518 patriam,
821 3436 969 3533 quisque
992 3439 1033 3498 ad
1054 3439 1168 3502 locum
1188 3461 1299 3517 suurn,

250 3520 499 3604 magnificantes
537 3521 675 3594 Deum,
726 3533 789 3584 et
800 3518 910 3584 eidem
952 3521 1067 3605 gratias
1107 3525 1298 3592 referendo.

252 3605 364 3669 Multi
375 3605 477 3674 enim
488 3604 673 3668 mortales·
663 3603 805 3680 mimici,
840 3607 972 3696 proprio
1000 3623 1095 3672 motu
1116 3627 1255 3710 pacem·
1236 3611 1300 3674 fa·

252 3879 381 3924 ornnes.
424 3859 539 3939 Hujus
561 3859 659 3923 etiam
678 3859 769 3922 tanta
789 3861 875 3928 fama
896 3877 984 3936 erat,
998 3863 1099 3945 .quod
1116 3867 1218 3930 etiam
1241 3869 1299 3930 do-

251 3945 362 4011 minus
395 3945 596 4026 apostolicus
626 3947 839 4012 reverebatur
872 3946 994 4012 'eidem
1058 3951 1149 4014 Nec
1164 3950 1296 4028 mirum,
1409 4021 1411 4028 .

254 4024 332 4112 quie
358 4027 478 4132 iratae
502 4027 648 4110 minues
674 4031 812 4164 ριιιιὶιο
843 4033 1101 4118 praedicabant,
1131 4037 1235 4118 (sicut
1258 4051 1300 4102 ut

1164 4136 1301 4208 egomet
1410 4123 1411 4126 ’
