2786 4852
248 373 347 486 ιιι
418 431 447 504 9
518 437 524 446 ·
577 401 580 408 ·

253 583 363 669 dh',
353 584 462 676 rpsun'r
484 563 725 674 ἰιιιιιιιιιιιιιίιιιιι
753 585 894 661 stratoris
922 602 1017 653 more
1044 608 1106 672 per
1126 587 1210 654 freni
1228 589 1301 666 lora
1387 605 1389 640 ἑ

225 677 409 778 dpdtntit,
442 697 544 758 quem
571 697 656 760 papa
683 675 888 742 benedicens
919 677 960 736 ad
989 675 1167 757 hospitium
1191 677 1301 740 redire
1375 683 1378 692 '

254 761 411 860 permisit.
459 767 539 844 Ipse
560 781 651 825 vero
681 778 757 830 curu
786 763 874 826 cleto
897 775 931 823 et
951 763 1078 842 populo
1101 761 1193 821 illurn
1215 762 1304 859 piae·
1387 783 1389 808 ι

254 841 418 932 ce'dente,
441 867 548 927 usque
572 843 616 916 ad'
635 864 725 910 mare
748 845 928 910 descendit.
972 847 1106 908 Dehinc
1127 846 1264 928 galeas
1244 867 1306 907 1011

1386 811 1389 840 ι

1384 845 1390 908 i

256 925 413 1042 gressus,
423 934 476 994 'ad
498 929 655 1016 palatium
685 953 761 994 curn
789 931 898 1032 gloria·
921 943 970 994 est
990 949 1025 994 et
1049 932 1176 994 honore
1198 951 1306 994 rever·
1388 937 1390 948 ⁴

256 1007 323 1082 sris.
346 1034 389 1065 -’
409 1011 650 1082 Venientibus
673 1031 783 1082 autem
806 1015 962 1113 proximis
984 1017 1130 1080 calendis
1149 1015 1305 1096 Augusti,

254 1103 434 1184 imperator
463 1123 537 1165 cum
569 1101 820 1184 archiepiscopis
850 1117 882 1165 et
905 1101 1083 1184 episcopis,
1117 1116 1150 1164 et
1172 1102 1304 1178 reliquis
1388 1149 1390 1170 ,

245 1211 280 1272 xp
256 1179 460 1274 piiricipibus
491 1189 574 1261 suis,
608 1202 642 1250 et
669 1208 789 1268 magna
810 1186 926 1280 populi
947 1186 1167 1258 multitudine,
1192 1187 1233 1247 ad
1255 1206 1347 1266 ιιι·δ
1387 1175 1390 1252 ἰ

256 1267 412 1338 triarchas
435 1271 631 1370 palatium,'
623 1291 658 1333 ιιι
676 1292 742 1352 quo
761 1291 846 1355 papa
865 1287 933 1334 erat
950 1271 1139 1351 hospitatus,
1163 1269 1307 1359 accessit.
1389 1273 1390 1284 *

153 1429 159 1448 ἱ
256 1361 301 1424 In
317 1359 424 1458 cujus
454 1357 561 1456 palatii
591 1358 665 1420 aula
691 1357 792 1454 longa
822 1353 899 1418 satis
919 1371 962 1427 et
983 1356 1141 1438 spatiosa,
1164 1352 1251 1440 papa
1271 1357 1309 1416 iu
1339 1419 1352 1437 Ν

257 1441 469 1536 eminentiori
499 1443 573 1503 loco
603 1439 727 1523 positus
756 1441 791 1502 in
821 1440 999 1506 faldistorio
1022 1461 1084 1504 suo
1112 1441 1309 1516 resedit,et
1274 1446 1315 1504 es*
1378 1521 1381 1524 Ι

260 1527 435 1626 episcopis
457 1525 542 1588 suis·
557 1543 589 1590 et
622 1525 838 1592 cardinalibus
867 1525 945 1589 hinc
971 1525 1051 1592 inde
1081 1524 1310 1588 circumsianti·

260 1615 342 1687 bus,
371 1613 606 1695 imperatorem·
637 1607 810 1691 quidem'
802 1632 837 1672 ιιι
865 1631 924 1708 sua
953 1611 1087 1674 dextera
1108 1627 1209 1692 supra
1230 1611 1312 1691 epis·
1390 1689 1391 1694 ἵ

121 1680 125 1684 ’
216 1727 220 1732 ·
260 1717 376 1795 copos
389 1711 424 1762 et
444 1697 651 1778 presbyteros
674 1695 870 1796 cardinales,
890 1673 1131 1760 Romualdunr
1154 1715 1236 1758 vero
1260 1697 1311 1756 Sa·
1333 1769 1340 1776 Ι

260 1779 448 1846 le'rnitatum
479 1779 773 1879 archiepiscopum.
801 1782 838 1844 in
870 1781 1007 1845 sinistra
1027 1801 1131 1881 ‘supra
1155 1781 1327 1844 diaconbsl

201 1855 230 1944 2⁴,
263 1867 443 1929 cardinales
474 1849 620 1930 'residere
653 1863 829 1948 praecepit.
883 1865 993 1932 Finito
1025 1867 1136 1950 itaque
1169 1863 1312 1964 silentio,

263 1951 310 2014 sic
339 1965 390 2016 est
418 1969 503 2034 papa
532 1949 739 2015 Alexander
757 1971 908 2015 exorsuss
951 1947 1064 2028 „haec
1092 1965 1160 2025 est,
1196 1949 1314 2030 inquit,

264 2033 346 2110 dies,
368 2039 481 2099 fratres
503 2035 667 2108 carissimi,
690 2036 889 2115 quemfecit
909 2031 1088 2110 Dominus,
1111 2037 1314 2108 exultemus,

263 2136 300 2185 et
321 2119 511 2190 laetemur'
502 2141 536 2182 ιιι
560 2141 617 2194 ea,
653 2121 730 2199 quia
753 2121 805 2182 hic
826 2120 912 2184 filius
936 2138 1070 2220 noster,
1080 2122 1314 2184 Romanorum

265 2205 462 2304 imperator
467 2197 608 2280 illustris,
631 2222 779 2267 mortuus
802 2207 918 2280 luerat,
941 2222 974 2269 et
977 2206 1128 2286 revixits
1161 2207 1314 2286 perierat,

264 2303 300 2357 et
320 2289 495 2359 inventus
508 2307 566 2352 est.
605 2291 700 2361 Nam
729 2308 902 2390 postquam
930 2292 1020 2354 cordi
1048 2293 1119 2377 ejus
1148 2309 1316 2372 supernae

265 2373 376 2441 radius
399 2374 545 2440 claritatis
567 2366 689 2448 illuxit,
720 2375 816 2438 totius
838 2375 982 2440 falsitatis
1004 2378 1141 2458 depulsa
1163 2377 1316 2458 caligine,

176 2481 180 2502 ¹
267 2461 311 2524 de
341 2479 450 2526 errore
479 2461 519 2523 ad
549 2461 720 2524 veritatem
746 2459 857 2536 rediit,
892 2463 933 2526 de
964 2462 1105 2526 tenebris
1133 2463 1175 2522 ad
1197 2463 1316 2526 lumen

267 2545 409 2621 transiit,
437 2545 481 2610 d'e
502 2546 674 2610 schismate
696 2545 738 2608 ad
758 2535 917 2612 unitatem
941 2546 1090 2621 accessit,
1123 2549 1218 2612 etad
1242 2567 1315 2608 cau

265 2627 314 2694 las
336 2629 452 2694 matris
467 2629 636 2704 ecclesiae,
665 2647 831 2712 tamquam
861 2630 934 2696 ovis
958 2632 1101 2706 erratica,
1130 2631 1313 2712 repedavit.

269 2713 439 2780 Exultet
428 2717 527 2797 agitur
548 2715 698 2778 fidelium
721 2717 833 2780 votiva
846 2717 979 2814 religio,
1001 2717 1078 2797 quia
1099 2717 1200 2780 hodie
1224 2731 1316 2798 pater

264 2797 432 2882 juniorem
446 2800 569 2882 recepit
582 2799 698 2874 filium,
711 2803 907 2864 catholicum
927 2802 1115 2886 principem
1121 2803 1315 2864 Romanum
1354 2873 1371 2888 g

268 2883 476 2982 recuperavit
502 2883 695 2967 imperium,
735 2873 840 2952 mater
867 2887 1005 2950 ecclesia
1033 2907 1130 2950 suum
1164 2888 1317 2968 evagina-

270 2981 342 3030 tum
375 2968 409 3030 ιιι
438 2969 591 3052 vaginam
624 2971 786 3036 convertit
816 2971 1000 3054 gladium3-
1018 2973 1112 3034 navis
1147 2972 1315 3052 piscatoris

269 3051 413 3136 egregii,
440 3075 525 3136 quae
549 3055 653 3136 culpis
675 3055 898 3138 exigentibus,
927 3059 1160 3120 adversitatum
1184 3058 1315 3120 turbine

173 3199 179 3217 ,
269 3157 359 3221 pene
389 3140 575 3206 demersa
564 3160 632 3222 Jara
662 3142 784 3216 fuerat,
818 3161 909 3206 nunc
929 3144 1080 3224 procellis
1103 3144 1316 3217 cessantibus,

273 3227 315 3286 ad
343 3223 420 3298 litus
450 3226 611 3300 solidum,
644 3242 677 3289 ot
698 3246 797 3303 verae
820 3227 937 3308 quietis
960 3243 1090 3308 portum
1111 3227 1223 3326 illaesa
1238 3249 1317 3310 per·

275 3308 378 3372 venit.
414 3308 590 3375 Ecclesiae
613 3329 692 3374 suae
712 3329 836 3394 preces
861 3333 919 3394 pro
942 3314 1032 3374 bono
1054 3311 1140 3406 pacis
1153 3313 1337 3396 frequen-¹
1360 3387 1368 3394 η

273 3407 323 3458 ter
346 3393 480 3471 effusas,
508 3395 576 3458 Dei
604 3395 690 3458 filius
713 3399 893 3470 clementer
915 3395 1055 3472 audivit,
1088 3396 1121 3462 'et
1142 3407 1215 3461 eam
1239 3418 1318 3458 cum

271 3497 333 3540 suo
362 3479 508 3562 principe
537 3477 572 3542 in
601 3499 682 3562 pace
711 3495 744 3544 et
773 3484 951 3545 concordia
982 3483 1167 3546 collocavit.
1227 3484 1318 3546 Inde

242 3639 251 3652 Ι
274 3577 341 3642 est,
371 3566 462 3646 quod
485 3566 654 3628 destructis
677 3566 924 3630 adversitatibus
946 3584 978 3630 et
1000 3569 1163 3632 erroribus
1184 3569 1318 3630 univer·

273 3647 334 3723 sis,
367 3666 481 3714 secura
499 3651 566 3750 jam
586 3671 671 3749 pace
697 3651 814 3714 fruitur
843 3668 876 3715 et
893 3651 1040 3733 jucunda
1061 3655 1231 3716 securitate
1255 3655 1319 3716 lae·

252 3731 368 3798 tatur.
411 3733 536 3800 Cesset
552 3733 649 3818 igintr
677 3735 807 3817 antiqua
837 3737 1013 3812 discorda,
1047 3737 1150 3800 finem
1181 3739 1319 3820 accipiat

261 3815 454 3902 inveterata
475 3821 614 3893 malitia,
644 3839 709 3884 una
729 3822 830 3923 fides,
862 3841 957 3886 unus
972 3823 1156 3900 Dominus,
1184 3845 1252 3886 una
1275 3823 1319 3886 sit

275 3919 309 3966 et
331 3904 477 3969 ecclesia.
521 3906 702 3969 Schisma'
694 3929 729 3970 ιιι
758 3907 917 3972 unitatem
946 3909 1101 3984 transeat,
1134 3925 1169 3974 et
1197 3909 1318 3972 divisio

173 4059 182 4069 ,
239 3986 316 4052 ad
345 3990 509 4056 caritatem
537 3992 681 4065 accedat.
713 3993 881 4058 Omnis'
868 4013 939 4078 pun
965 3996 1008 4058 ‘ad
1034 4013 1178 4078 paoem
1180 3994 1320 4060 ecclesia

1194 4082 1321 4159 redeat,
