2786 4852
254 395 330 520 cu
762 423 780 582 ss‘

664 567 668 578 ·
917 543 971 584 .l.

262 593 365 688 belis
373 585 487 718 igitdr
493 612 526 680 in
544 589 664 712 ιιιιιιιι
674 573 828 712 expassis,
848 595 939 681 visae
962 629 1038 680 sunt
1056 577 1175 680 undae
1195 615 1303 677 multo

202 713 205 724 ¹
261 696 422 770 ibtensius
456 699 685 801 intumescere.
735 695 872 766 Ventus
904 701 994 766 enirn
1032 702 1074 762 ad
1108 701 1269 768 horam
1259 721 1305 761 ιιι

263 791 413 878 'crescens
436 789 468 852 e't
489 785 643 882 remissus
652 785 712 864 ad
728 787 853 862 horam,
875 781 1043 886 ιιιιιιὶιιιιιι
1067 804 1106 848 ea
1125 785 1179 848 die
1194 783 1304 846 nautis

263 853 424 937 reddebat
444 869 643 954 suspectum.
677 874 837 971 Quorum
851 872 949 936 facies
971 867 1041 956 re'gi
1064 869 1135 932 visa
1155 887 1305 951 suppres-
1381 879 1383 900 ¹

263 958 338 1032 sior,
361 951 493 1037 aliquod
517 959 626 1023 innuit
647 956 854 1020 dubitationis
875 959 1022 1020 subesse.
1060 955 1126 1020 Sed
1147 973 1224 1015 cum
1248 973 1307 1016 rex

265 1058 404 1138 pentum
427 1063 469 1106 ex
480 1039 641 1124 directo
636 1042 768 1121 venite,
790 1063 911 1106 navem
934 1061 1064 1104 cursum
1087 1040 1124 1101 in
1145 1033 1305 1136 Angliam

1380 364 1383 436 .

1379 767 1383 878 ι

169 1169 172 1177 ι
266 1125 332 1188 v*
291 1149 321 1188 a
349 1143 434 1227 repta
464 1112 620 1208 dirigere,
654 1125 748 1217 flatus
777 1121 989 1195 creberrimos
1021 1110 1271 1190 veliemedter
1262 1143 1306 1184 tn·
1381 1163 1383 1202 4

265 1193 475 1292 gravescere
470 1213 661 1310 didicisset,
688 1209 813 1275 erectis
835 1211 868 1273 in
891 1211 1022 1274 coelunt
1044 1207 1234 1280 luminibus,
1248 1225 1307 1293 pa
1381 1207 1383 1276 ἕ

267 1297 349 1367 lam'
348 1296 508 1367 &mnibus
534 1293 590 1359 ait:
625 1295 650 1358 si
648 1315 806 1398 quas
783 1298 822 1358 ad
845 1317 973 1380 pacem
992 1309 1066 1358 sunt
1097 1287 1175 1357 cleri
1197 1308 1230 1356 et
1252 1313 1305 1374 po
1381 1299 1383 1364 ι

267 1373 349 1478 'puli
360 1382 531 1444 habeam
521 1403 556 1443 ιιι
577 1375 759 1463 proposrto
783 1380 809 1442 si
831 1393 947 1463 pacem
971 1379 1005 1443 in
1028 1379 1173 1452 adventu
1195 1383 1305 1440 meam
1382 1393 1383 1400 ’

269 1445 513 1548 reformandam
536 1487 594 1528 rcx
617 1467 786 1529 coelorum
809 1466 977 1548 disposuit,
999 1479 1076 1538 tunc
1076 1485 1157 1561 pro
1174 1476 1235 1524 sua
1255 1461 1307 1523 mi-

202 1551 204 1558 ’
270 1531 445 1622 sericorllia
466 1565 597 1632 portum
611 1551 700 1626 mihi
721 1551 890 1634 indulgeat
911 1549 1037 1612 salutisc
1059 1546 1085 1610 si
1108 1555 1223 1611 autern
1241 1546 1306 1610 fue

271 1633 327 1696 rit
334 1635 500 1710 adversus,
524 1651 555 1698 et
577 1656 715 1734 reguum
739 1635 772 1696 ιιι
792 1637 881 1718 virga
898 1634 1027 1698 visitare
1051 1631 1207 1706 decrevit,
1227 1649 1307 1692 nun·
1382 1641 1384 1704 ἱ

272 1739 372 1804 quam
396 1719 485 1780 milri
523 1719 642 1782 datum
671 1721 711 1793 sit
745 1721 801 1784 vel
843 1723 926 1784 fines
965 1716 1107 1804 regionis
1141 1717 1306 1798 attingere·
1382 1713 1384 1736 ‘

273 1797 468 1902 Orationem
498 1807 568 1884 ejus
599 1805 741 1867 auditam
776 1803 829 1868 sui
858 1803 931 1868 satis
960 1820 1169 1886 praesumere
1200 1815 1307 1882 potue·
1382 1827 1384 1860 τ

273 1969 340 2062 diei
359 1969 626 2070 vesperascente,
648 1995 724 2036 curn
746 1965 984 2056 indempnitate
998 1993 1111 2036 rerum
1134 1971 1222 2052 apud
1242 1971 1309 2032 Ha·

272 2043 383 2121 anisnis
406 2073 537 2156 portum
561 2060 714 2142 appulsus
739 2074 796 2122 est.
824 2061 891 2122 Ex
898 2075 975 2122 tunc
996 2071 1092 2122 utens
1115 2055 1207 2120 tenui
1229 2055 1326 2118 diae.

275 2141 318 2210 ta
335 2163 427 2239 pane
450 2141 571 2206 scilicet
593 2157 626 2208 et
638 2165 747 2242 aqua,
769 2165 878 2208 rerum
901 2163 1009 2206 curam
1033 2133 1306 2224 disponendarum

275 2225 440 2324 omittens,
462 2227 626 2306 abstinens
644 2250 662 2290 a
680 2227 846 2290 civitatum
867 2229 1024 2310 ingressu,
1042 2245 1218 2325 quousque
1235 2239 1307 2286 vota
1382 2245 1384 2312 j

276 2309 462 2372 orationum
491 2298 578 2394 apud
611 2313 778 2375 Thomatn
814 2312 989 2411 malrtyrem
1022 2312 1226 2400 ςιοιιοειιιιι
1226 2329 1306 2370 curn
1383 2323 1384 2390 f

276 2395 460 2462 devotione
496 2400 709 2480 persolveret.
784 2398 986 2482 interjacens
1019 2397 1129 2487 itaque
1157 2393 1306 2491 spacium
1382 2423 1385 2472 3

110 2555 123 2564 11
182 2512 187 2526 .
277 2501 353 2542 cum
383 2482 617 2546 acceleratione
646 2483 824 2566 pertransit.
882 2486 966 2546 Cum
1004 2498 1116 2579 autem
1145 2478 1308 2562 appropin·
1383 2485 1385 2546 ζ

141 2588 182 2655 1’
277 2582 410 2646 quasset
432 2567 655 2658 cantuariam,
692 2589 781 2652 equo
810 2567 962 2632 desiliens
985 2581 1018 2632 et
1038 2565 1162 2649 regiam
1185 2581 1306 2646 prorsus
1378 2630 1381 2640 ¹

277 2650 479 2750 majestatem
502 2670 724 2732 sequestrans,
752 2655 861 2716 nudus
890 2655 1010 2736 pedes,
1039 2652 1156 2727 faciem
1164 2647 1307 2736 peregri·

276 2735 394 2810 nantis,
416 2733 533 2799 faciem
555 2737 763 2819 poenitentis,
783 2739 900 2803 faciem
915 2737 1123 2836 supplicantis
1137 2751 1307 2798 assumens.

266 2821 363 2896 21dus
384 2819 485 2902 Junii,
513 2823 571 2883 Vl
598 2822 678 2885 leria
707 2825 860 2906 pervenit
888 2825 929 2886 ad
951 2823 1110 2924 majorem
1133 2819 1306 2884 ecclesiam.

277 2891 367 2980 Inde
396 2923 472 2966 cum
500 2907 670 2969 effluentia
697 2910 922 2982 lacrimarum,
966 2915 1040 2969 cum
1077 2907 1248 3004 gemitibps
1276 2917 1308 2966 et
1353 2936 1357 2944 =

280 2987 428 3079 suspiriis
452 2989 543 3070 petiit
565 2992 709 3074 martyris
732 2993 862 3076 gloriosi
886 2995 1106 3092 sepulchrum.
1137 2991 1224 3054 Ubi
1245 3003 1307 3051 toto

267 3091 415 3152 'corpore
443 3094 627 3175 prostratus,
660 3057 812 3142 manibus
832 3079 999 3162 expansis,
1029 3077 1150 3141 diutius
1183 3077 1216 3137 in
1247 3093 1308 3170 ora:
1383 3097 1385 3118 ι

203 3175 217 3201 »²
279 3158 369 3225 tione
398 3163 585 3242 permansit.
645 3164 784 3228 Interim
812 3185 869 3228 ore
895 3164 1142 3227 [lundoniensis
1171 3155 1306 3244 episcopi

280 3262 469 3307 sermonem
497 3245 646 3312 habentis
676 3252 715 3310 ad
744 3252 905 3331 populum
932 3271 991 3312 tert
1013 3247 1141 3332 publice
1166 3259 1307 3327 protesta·
1383 3285 1385 3306 ι

180 3337 184 3350 “
222 3353 229 3364 =
282 3343 332 3390 tus
356 3344 419 3404 est,
446 3329 560 3394 Deum
584 3324 699 3398 testem
722 3355 844 3396 vocans
867 3333 900 3396 ιιι
924 3335 1075 3425 animam
1087 3355 1197 3405 suam,
1225 3317 1308 3410 quod
1382 3319 1385 3342 ’

276 3409 421 3510 'monem
451 3417 682 3516 archiepiscopi
711 3438 774 3482 nec
796 3419 978 3494 mandavit,
1011 3441 1074 3496 pec
1101 3417 1222 3489 voluit,
1250 3432 1307 3475 nec
1383 3421 1385 3482 i

189 3492 195 3514 Χ
261 3488 414 3580 'artificio
437 3495 640 3588 perquisivit.
670 3505 734 3567 Sed
757 3503 914 3584 queniam
937 3465 1160 3567 interfectores
1184 3523 1224 3581 ex
1246 3517 1306 3559 ver·

281 3583 331 3646 bis
361 3585 436 3660 suis,
469 3607 538 3648 non
572 3589 644 3650 satis
676 3590 908 3672 circumspecte
938 3589 1078 3670 prolatis,
1111 3587 1305 3650 occasionem

272 3669 508 3754 sumpsissent,
530 3675 569 3734 ab
593 3673 761 3756 episcopis,
784 3675 842 3754 qui
866 3691 1052 3756 praesentes
1075 3691 1152 3735 tunc
1175 3673 1306 3741 aderant,

228 3768 230 3776 ’
285 3755 529 3854 ιιιιιιυιίοιιιιιι
553 3763 693 3839 petebat,
714 3775 758 3828 et
770 3780 898 3823 carnem
924 3779 1014 3820 suam
1038 3751 1224 3839 discipliuae
1244 3771 1307 3832 sup·

205 3832 227 3882 '1
281 3859 411 3922 ponens
431 3861 527 3924 vrrrrs
550 3863 661 3906 caesus
684 3861 741 3920 est,
764 3843 937 3926 asrngults
954 3863 1030 3905 vms
1052 3843 1218 3940 religiosis,
1239 3857 1307 3932 quo-
1383 3899 1385 3918 ,

282 3937 355 3986 rut'n
381 3925 567 3990 multitudo
577 3948 792 4004 convenerat,
821 3947 929 3992 ternos
951 3929 1032 3991 ictus
1055 3929 1112 3991 vel
1135 3927 1227 3990 etiam
1249 3917 1306 4020 qul·
1374 3921 1385 4008 ¹⁴³

283 4031 345 4072 nos
369 4011 546 4093 excipiens.
579 4016 721 4115 §urgens
744 4018 783 4076 ab
806 4015 963 4090 oratione,
987 4015 1131 4078 vestibus
1149 4005 1306 4088 resumptis
1383 4035 1385 4090 f

884 4129 895 4138 .
1221 4107 1305 4174 quas
1384 4113 1385 4116 ¹

177 1929 180 1934 ψ
272 1865 379 1964 runt,
383 1889 552 1978 quoniam
578 1890 647 1970 ipse
671 1889 734 1966 die,
762 1910 828 1970 qua
850 1910 972 1953 navem
995 1889 1196 1961 ascenderat,
1219 1886 1306 1947 hora
1382 1895 1384 1908 '
