2824 4854
208 620 211 630 ’
237 587 502 683 piniarium,
526 581 855 678 archiepiscoporum,
876 586 1125 681 episcoporum,
1146 595 1181 662 ei
1201 591 1280 663 alio.

235 703 313 750 rum
341 683 384 748 de
410 681 549 746 diversis
575 679 692 745 mundi
713 681 855 764 partibus
875 681 1055 758 nobilium,
1081 683 1140 746 vel
1159 703 1279 747 eorum

153 823 156 841 ,
201 773 205 786 ’
238 779 497 855 procuratorum.
539 769 584 830 Et
605 764 663 848 qui
683 767 810 849 absunt,
831 764 957 848 laqueis
979 762 1106 854 domini
1125 768 1191 844 tui,
1218 770 1302 844 im„

204 889 210 898 -
239 854 420 939 pediuntur
445 850 569 920 irretiti.
623 849 725 916 Unde
753 867 891 936 propter·
917 851 982 914 hoc
1013 849 1185 934 indignum
1218 867 1278 930 est,
1318 927 1321 932 ¹

239 955 278 1004 ut
305 936 467 1002 sententia
494 935 708 1019 depositionis
727 929 763 998 in
784 935 892 1018 ipsum
915 937 1125 1002 deferendae·
1140 941 1279 1020 retardo«

240 1039 308 1098 tur,
337 1035 381 1088 be
404 1043 446 1086 ex
467 1023 588 1086 malitia
609 1037 669 1084 atta
689 1022 906 1084 commodum
927 1021 1079 1104 videatur
1101 1039 1279 1106 reportare,

180 1128 182 1138 ’
239 1128 316 1174 cum
339 1121 409 1170 non
431 1109 550 1172 debeat
572 1106 667 1170 alicui
687 1107 773 1169 fraus
796 1105 999 1189 patrocinari.
1042 1105 1203 1172 Insistens
1224 1131 1280 1174 ne·

131 1232 138 1238 ·
214 1207 221 1216 “
238 1193 329 1279 gotio
353 1195 507 1256 dominus
530 1213 629 1275 papa,
647 1189 733 1255 'licet
753 1191 795 1254 iu·
809 1191 1005 1256 eontrarium
1021 1190 1195 1275 eleganter
1216 1215 1282 1260 ma·

239 1281 340 1364 gister
360 1278 571 1354 Thaddaeus‚
601 1281 789 1360 procurator
809 1277 1004 1362 imperialis,
1026 1279 1215 1362 allegasset3
1244 1280 1282 1344 in

167 1395 173 1407 ’
238 1365 473 1446 imperatorem
495 1361 725 1446 Frederioum,
757 1361 829 1438 sins
851 1361 958 1444 aliqua
985 1363 1191 1446 palpatione,
1213 1367 1282 1434 ,vel

239 1449 510 1522 dissimulatione,
533 1449 588 1512 vel
608 1444 777 1522 dilatione,
798 1449 855 1514 vel
869 1447 1033 1512 ‘dilationis
1049 1447 1190 1528 indultu,
1210 1469 1284 1514 sen·

177 1550 179 1560 ’
240 1535 376 1598 tentiam
412 1531 773 1598 excommunicationis
799 1531 835 1596 in
871 1533 972 1616 pleno
1008 1534 1168 1610 concilio,
1208 1556 1285 1600 nott-
1345 1528 1349 1544 '

242 1619 314 1682 sine
338 1615 487 1680 omnium
510 1617 714 1683 audientium
736 1632 770 1682 et
790 1617 1069 1682 circumstantium
1090 1634 1226 1702 stupore
1247 1636 1285 1684 et

215 1699 219 1712 '
241 1703 388 1780 horrore,
411 1703 593 1768 terribiliter
613 1703 800 1786 fulguravit.
840 1705 940 1769 Haec
961 1718 1071 1768 autem
1093 1725 1170 1767 cum
1189 1705 1285 1770 intel-

139 1831 143 1841 ι
240 1789 375 1854 lenisset
387 1787 761 1871 magisterThaddaeus,
782 1787 822 1852 ab
834 1787 902 1853 imo
916 1789 1046 1853 trahens
1059 1788 1206 1874 suspiria,
1224 1787 1286 1852 aits
1310 1782 1330 1793 ’

242 1875 391 1958 intelligo
412 1875 542 1936 nullutn
563 1872 750 1936 remedium
771 1889 882 1956 patere
905 1873 1092 1938 discrimini.
1133 1874 1287 1956 Ejulans·

242 1978 309 2042 quo
333 1977 366 2025 et
387 1961 470 2024 fleus
492 1957 678 2022 subintulitt
707 1979 788 2023 vere
812 1949 887 2025 dies‘
904 1959 974 2032 ista,
995 1959 1067 2026 dier
1088 1959 1170 2023 irae!
1197 1961 1287 2024 'sicut

241 2061 339 2108 antea
367 2045 508 2118 dixerat,
537 2063 611 2106 cum
636 2044 677 2106 ad
696 2043 873 2106 concilium
894 2045 1033 2126 plenum
1055 2063 1173 2109 omnes
1194 2065 1286 2128 prae·
1381 2099 1386 2116 ,

241 2129 297 2196 lati
321 2130 472 2194 candelas
495 2143 568 2209 suas
592 2148 743 2193 accensas
764 2127 1292 2214 inclinarent,etextinguerenta

241 2212 571 2278 excommunicatum
588 2215 818 2298 imperatorem
830 2213 1043 2297 Fredericum
1065 2215 1287 2296 deponentes.

166 2311 194 2360 “.
243 2301 288 2366 Et
315 2299 350 2362 in
379 2301 467 2365 calce
502 2301 663 2364 sermonis
691 2292 841 2382 adjunxit
876 2300 965 2362 idem
990 2298 1148 2398 'magister
1175 2301 1288 2362 Thad.

184 2413 190 2426 =
241 2385 362 2450 dacus:
384 2387 437 2448 Ex
459 2385 523 2447 hoc
545 2399 694 2468 tempore
717 2389 893 2452 cantabunt
914 2381 1078 2462 haeretici,
1100 2387 1290 2468 regnabunt

242 2469 464 2552 Chorosmini,
487 2485 521 2536 et
541 2471 711 2553 insurgent
732 2471 866 2535 Tartari.
903 2471 948 2532 Et
970 2469 1050 2532 haec
1071 2472 1288 2534 nunciaturus

241 2557 285 2619 a'd
307 2546 479 2620 dominum
503 2574 600 2636 suum
621 2555 851 2638 imperatorem
872 2553 1085 2634 Fredericum
1107 2570 1158 2617 est
1177 2573 1290 2619 rever-

164 2669 169 2682 *
236 2659 309 2708 sur.
352 2641 521 2706 Dominus
549 2659 658 2706 autem
688 2660 771 2726 papa
798 2642 953 2706 omnibus
974 2639 1009 2702 in
1031 2641 1204 2722 propatulo
1227 2641 1288 2702 ait:

243 2727 338 2806 quod
361 2747 477 2790 meum
501 2741 561 2804 est,
578 2727 665 2804 iecit
694 2726 789 2790 faciat
817 2741 850 2794 et
877 2739 1095 2808 prosequatur
1114 2732 1215 2808 super
1233 2725 1289 2786 his

160 2817 162 2832 '
220 2811 356 2886 'Deum
386 2811 477 2892 quod
507 2812 661 2876 voluerit.
705 2813 789 2876 Cum
821 2825 930 2874 autem
960 2809 1176 2876 haecomnia
1199 2811 1291 2872 audi·

240 2895 345 2964 visset
376 2909 411 2960 et
442 2895 657 2970 intellexisset
688 2893 856 2984 dominus
875 2897 1059 2980 imperator·
1078 2897 1288 2980 Fredericus,

140 2983 143 2990 “
242 2981 301 3044 vix
323 2999 358 3045 se
381 2999 460 3064 prae
480 2979 709 3064 indignatione
731 2981 880 3063 capiens,
903 2984 937 3045 in
960 2981 1290 3046 vehementissimam

240 3067 324 3132 iram
347 3064 532 3144 excanduit.
577 3069 761 3148 Torvoque
776 3069 879 3137 ¹uultu
902 3086 1018 3130 ornnes
1047 3067 1291 3131 circumseden-

240 3165 290 3221 tes
319 3150 521 3234 adspiciens,
558 3151 701 3216 intonuit
732 3151 861 3216 dicensi
895 3153 1012 3234 abiecit
1045 3169 1099 3212 me
1123 3171 1222 3232 ,papa
1249 3150 1316 3214 in·-

228 3237 371 3318 synodo
394 3255 472 3311 sua,
500 3237 634 3318 privans
656 3245 711 3301 m'e
732 3251 859 3300 corona¹
876 3240 990 3300 meai*
1001 3235 1103 3299 Unde
1125 3251 1212 3298 tanta
1235 3255 1290 3298 aus

155 3321 157 3328 '
240 3319 349 3396 dacia,
370 3317 554 3384 undetalis
578 3315 748 3386 temeraria
769 3322 1014 3404 praesumptio?
1043 3321 1187 3383 Ubinam
1211 3335 1291 3383 sunt
1343 3322 1348 3326 ’

130 3427 134 3438 “
239 3406 381 3470 clitellae
408 3423 506 3470 mete
534 3407 723 3472 thesaurum
750 3423 865 3474 meum
895 3405 1091 3490 portabilem
1120 3404 1291 3468 contineri·

238 3493 310 3560 tesi
344 3489 389 3554 Et
416 3511 496 3552 cum
526 3494 640 3558 allatae
662 3491 817 3567 fuissent,
848 3501 881 3556 et
902 3487 1011 3557 co'ram
1035 3511 1079 3554 eo
1102 3491 1173 3572 ejus
1192 3492 1291 3572 jussu

134 3645 136 3654 .
236 3589 406 3642 reseratae·
423 3577 629 3652 rasennam
652 3578 741 3654 vide,
763 3577 790 3638 si
810 3577 972 3659 jamtsnnt
991 3575 1128 3638 amissae
1145 3593 1290 3640 coronae

239 3665 355 3728 meae!
420 3663 600 3746 Repertarn
636 3663 733 3746 igitur
765 3658 866 3724 unam
901 3659 1058 3744 imposuit
1091 3657 1185 3742 rapiti
1215 3680 1290 3724 suo.

236 3748 282 3810 Et
305 3761 481 3810 coronatus
506 3747 687 3823 erexisse,
717 3761 750 3812 ct
771 3747 952 3810 minacibus
974 3746 1095 3820 oculis,
1125 3765 1210 3809 voce
1231 3763 1292 3808 ter·

236 3831 339 3910 sibili,
364 3830 593 3910 etiusatiabili
616 3835 733 3906 corde,
755 3832 837 3898 dixit
857 3832 893 3894 in
918 3833 1111 3914 propatulus
1133 3849 1218 3908 non
1239 3831 1292 3892 ad·
1343 3831 1360 3892 .'

236 3915 305 3978 huc
328 3933 485 3980 coronam
508 3937 619 3981 meum
643 3917 790 4001 perdidi,
822 3919 880 3982 vel
901 3919 1007 4000 papali
1030 3915 1292 3998 impugnatione,

235 4005 299 4064 vel
322 4001 475 4084 synodali
497 3999 658 4085 concilio,
676 3998 768 4070 ,rino‘
783 4017 922 4090 ¹cruento
943 4001 1293 4151 perdam'oe‘mmiffi
