2824 4854
282 383 431 502 4504
497 458 500 470 ,
639 370 668 440 ¹·

547 485 551 512 l
816 504 820 512 .

266 586 343 643 rat,
367 557 526 654 decipitur
548 563 685 648 quidem
706 562 835 642 merito,
856 564 984 651 cogitet,
1007 569 1048 632 et'
1062 565 1197 634 confidit
1218 570 1256 636 in
1275 594 1325 636 vs·

284 673 378 718 num.
422 656 488 716 Stat
508 673 598 716 nunc
619 651 796 716 Albericus
818 651 853 714 in
874 673 1007 734 summo
1029 656 1140 732 turris,
1174 657 1272 721 tristis
1294 674 1326 722 et

286 729 476 812 doluimus,
521 739 681 818 videtque
714 735 798 798 circa
829 737 930 802 sancti
962 739 1112 804 Zenonis
1143 743 1326 808 munimina

131 877 135 884 .
222 811 225 825 ⁶
273 843 420 890 ‘suorum
442 821 650 886 inimicorum
671 821 916 886 multitudinem
939 821 1190 910 abhorrendam,
1212 844 1246 892 et
1266 829 1325 893 scit

172 922 175 928 '
280 920 418 973 eunctos
439 908 635 986 intendere,
667 921 702 971 et
736 922 847 987 optare
879 901 983 990 ipsius
1019 911 1259 978 desolationem
1292 930 1325 980 et

282 1011 441 1067 mortem}
476 1013 619 1074 cumque
641 1013 701 1074 per
718 1005 787 1055 tres
809 991 897 1068 dies,
925 995 981 1056 vel
1003 994 1103 1071 circa,
1135 997 1203 1060 illic
1224 999 1324 1064 stetis·

282 1097 331 1146 set
358 1082 393 1142 in
422 1081 515 1142 turris
542 1078 729 1142 summitate
752 1079 942 1154 conclusus,
975 1096 1203 1150 nonrtantum
1224 1086 1323 1162 fame,

147 1199 162 1226 ·,
222 1161 228 1171 ’
257 1181 442 1246 ‘quantum
466 1165 552 1228 arida
573 1162 814 1237 sitidevictus¹
849 1161 894 1224 ita
921 1166 1013 1244 quod
1041 1161 1177 1230 ulterius
1206 1169 1322 1236 durare

281 1272 352 1314 non
375 1267 495 1332 posset,
517 1249 632 1310 habuit
652 1247 735 1309 birca
756 1265 800 1330 ses
814 1247 916 1323 filios,
938 1263 972 1314 et
992 1249 1094 1327 filias,
1114 1265 1150 1315 et
1171 1275 1322 1333 uxorem,

284 1351 318 1400 et
340 1355 410 1398 non
434 1340 556 1416 absque
578 1333 751 1413 lachrymis
773 1333 903 1400 loeutus
925 1350 975 1400 est
989 1334 1081 1399 inter
1103 1356 1174 1400 eos.
1207 1341 1323 1420 Inquit

279 1409 388 1484 enim:
421 1433 531 1497 „ecce'
544 1439 636 1480 nunc
656 1415 776 1490 videor
807 1419 898 1517 quod
918 1420 1092 1502 prophetia
1112 1421 1193 1483 olim
1215 1427 1323 1499 bonag

281 1505 461 1570 memoriae
489 1503 598 1580 malnis
629 1521 741 1576 meae,
776 1503 943 1584 perficitur
964 1519 998 1569 et
1019 1507 1221 1588 completur,
1241 1511 1322 1572 dum

282 1591 403 1654 scilicet
442 1591 653 1668 loquebatur,
692 1585 822 1650 dicens:
856 1605 1008 1671 potentes
1040 1591 1154 1654 fratres
1186 1609 1321 1674 gentem

259 1673 491 1739 ‘Marchisisrn
514 1675 664 1747 abolere,
701 1673 869 1754 sanctique
901 1675 1047 1751 Zenonis
1077 1675 1181 1749 castri¹
1205 1678 1322 1746 videre

280 1761 538 1824 conclusionem.
581 1759 675 1832 Heu,
698 1756 776 1837 quia
797 1759 902 1840 vigor,
924 1773 959 1822 et
979 1759 1140 1843 sapientia
1161 1763 1321 1842 Eocelini,

280 1846 455 1909 crudeliter
495 1860 530 1910 et
559 1841 695 1924 indigne
727 1857 883 1923 prostrate
917 1843 1005 1925 jacet
1041 1846 1077 1908 in
1106 1848 1320 1928 Lombsrdia,

279 1951 358 1996 meo
380 1953 447 2011 qno
473 1951 515 1994 ue
534 1928 651 2012 jugulo
677 1947 768 1990 nunc
795 1927 911 1991 insistit
939 1928 1091 2012 iniquitas
1114 1933 1320 2000 circumsten-

124 2080 126 2088 ,
184 2021 187 2030 “
219 2014 226 2020 ’
278 2018 360 2078 tium
382 1951 603 2097 proditorum
636 2026 671 2078 et
692 2011 738 2073 sic
760 2013 878 2074 domus
901 2013 943 2078 de
965 2017 1121 2079 Romano
1145 2019 1217 2100 jam
1244 2037 1319 2084 con.

277 2099 364 2174 cidit,
385 2115 419 2163 et
441 2101 556 2161 obruta
578 2097 783 2177 permanebit
803 2099 846 2158 ad
864 2111 1007 2181 tempus.
1050 2101 1127 2166 Vos
1148 2123 1248 2181 vero,
1270 2123 1318 2170 ca·

276 2185 393 2248 tissimi
413 2183 471 2248 lilii
493 2198 525 2248 et
547 2179 672 2256 dilecti,
705 2181 792 2244 illius
815 2184 935 2246 domus
956 2184 1074 2251 nobilis
1095 2189 1139 2252 de
1160 2192 1318 2255 Romano

276 2270 390 2344 vivite,
413 2283 446 2334 et
467 2282 571 2334 estote
593 2265 750 2342 heredes,
772 2283 808 2330 ut
829 2267 855 2330 si
877 2288 978 2347 quem
1002 2286 1148 2336 vestrum
1171 2275 1318 2340 inimico·

210 2367 213 2374 '
275 2377 350 2418 rum
378 2351 496 2416 manus
523 2355 608 2418 forte
630 2351 797 2433 continget
819 2354 981 2436 evadere,
1008 2375 1179 2440 exponere
1201 2381 1316 2452 procn-
1405 2391 1411 2446 .'

197 2479 204 2496 r
275 2455 343 2504 rate
364 2459 437 2514 vos,
459 2455 493 2502 et
512 2452 621 2502 vestra
641 2437 795 2500 omnibus
816 2435 985 2520 periculis,
1006 2455 1040 2504 et
1061 2443 1104 2506 de
1119 2449 1316 2524 ‘praedeces-
1408 2457 1411 2512 ἵ

267 2540 386 2594 sorum
408 2539 591 2592 vestrorum
613 2537 719 2608 morte
740 2519 836 2586 facite
857 2523 1005 2590 meritam
1027 2526 1201 2594 ultionem.
1242 2533 1316 2597 Ad.

268 2601 340 2676 irus
366 2627 513 2689 namque
541 2625 694 2692 magnam
720 2605 847 2674 habetis
875 2623 1001 2690 partem
1032 2609 1073 2672 in
1098 2610 1312 2700 Lombardia,

206 2742 210 2748 -
271 2695 398 2760 habetis
422 2715 481 2776 per
502 2695 760 2768 Pedemontem,
791 2691 916 2756 habetis
938 2695 1028 2758 etin
1056 2699 1197 2765 Tusciae
1220 2705 1313 2784 parti

195 2815 198 2820 -
271 2783 334 2843 bus
356 2779 618 2861 consanguineos
638 2794 776 2854 vestros,
804 2778 894 2840 viros
920 2793 1071 2844 strenuos
1093 2798 1126 2846 et
1146 2802 1312 2867 potentes,

270 2865 406 2950 comites
430 2865 473 2928 de
497 2863 732 2946 Magono‚=qui
752 2861 904 2945 prompti,
928 2878 961 2928 et
981 2866 1171 2944 voluntarii,
1193 2862 1311 2938 nature

261 2947 436 3032 sanguinis
469 2947 638 3030 exigente,
669 2949 830 3010 favebunt
860 2950 957 3012 vobis
989 2966 1023 3014 et
1051 2967 1182 3019 nostrae
1214 2960 1310 3039 parti.
1410 3009 1411 3014 ,

268 3035 343 3118 Ego
366 3047 475 3112 sutem
499 3035 541 3096 do
564 3033 660 3097 vobis
687 3047 855 3114 paternam
883 3034 1150 3102 benedictionem
1178 3055 1214 3105 et
1240 3063 1310 3126 gra-
1409 3051 1411 3074 ¹

158 3159 161 3166 -
265 3119 363 3195 tiam;
385 3133 419 3184 et
435 3123 554 3198 *Deum
575 3139 691 3200 precor
711 3120 984 3200 omnipotentem,
1008 3135 1045 3184 ut
1065 3122 1161 3188 vobis
1182 3128 1311 3210 'sapien

267 3204 344 3268 tiam
374 3209 543 3287 praebeat,
574 3207 739 3268 bonorum
767 3205 913 3286 copiam,
947 3204 1125 3286 amicorum
1158 3225 1310 3278 constan-

262 3288 355 3367 tiam,
377 3291 545 3369 vitamque
568 3291 738 3353 salutarem
761 3291 920 3354 concedat
946 3289 982 3352 ln
1000 3289 1137 3356 dierum
1165 3297 1308 3380 longini·
1409 3359 1411 3366 Α

95 3367 97 3380 '
158 3432 160 3452 ,
260 3374 343 3440 'dine
366 3397 441 3438 curn
463 3377 608 3451 honore,
637 3389 671 3441 et
688 3371 790 3456 vsuper
811 3373 954 3451 inimicis.
972 3371 1087 3439 veslris
1108 3380 1245 3461 gloriam
1273 3375 1308 3452 e¹t

83 3466 86 3484 ‘
134 3504 137 3510 ·
197 3531 200 3536 ,
263 3460 508 3542 triumphurn.“
550 3463 730 3542 Postquam
768 3461 850 3526 h'aec
882 3460 1010 3524 locutus
1043 3477 1093 3525 est
1120 3465 1306 3535 'Albesicus

262 3547 452 3622 cumillis,
480 3545 612 3612 vocavit
633 3547 673 3607 ad
695 3566 731 3608 se
753 3563 880 3619 omnes,
916 3547 973 3633 qui
995 3565 1106 3610 secum
1130 3567 1237 3628 erant,
1269 3565 1322 3622 e'r-
1409 3549 1410 3552 ’

261 3623 423 3712 quosdani
446 3651 523 3695 suos
545 3631 698 3730 homines
722 3633 765 3695 de
787 3633 958 3704 masnada,
979 3647 1014 3694 et
1034 3633 1162 3698 locutus
1183 3655 1235 3722 est
1256 3640 1304 3706 in.

256 3732 394 3793 tereos,
416 3732 450 3780 et
470 3719 528 3780 ait:
551 3737 657 3794 „scin
678 3718 770 3796 quod
790 3716 908 3780 melius
926 3731 984 3792 est,
1005 3732 1043 3780 ut
1059 3723 1229 3800 egosolus
1247 3733 1305 3808 pe}

198 3824 201 3836 ¹
257 3821 359 3878 ream,
382 3823 482 3884 quam
505 3821 565 3869 vos
589 3808 705 3866 ornnes
728 3804 1065 3882 etmecum.1taque
1088 3825 1143 3869 me
1156 3825 1302 3892 captum

256 3887 411 3972 occipite,
442 3909 498 3953 me
527 3898 679 3972 quoque‚‘
713 3897 890 3967 meamque
912 3888 1070 3951 familiam
1091 3893 1218 3960 reddite
1239 3895 1301 3960 ini-

254 3973 363 4052 micis,
392 3987 426 4041 et
446 3978 605 4060 deprecor
624 3973 961 4056 praecipuodomino
980 3973 1180 4126 marchicpii,
1210 3995 1248 4045 ut
1269 3983 1301 4047 si

301 4078 311 4104 s
1159 4083 1293 4132 ominus
