2792 4852
77 605 104 676 Si
121 599 211 689 patris
227 601 404 666 dominum
426 601 540 666 vasalli
560 600 645 673 lilius
668 600 732 672 aeri
1083 673 1087 681 ,

76 691 209 757 Laeserit
228 691 370 763 offensa,
396 685 713 771 'festinetprd'vidus
728 685 824 754 flium
856 697 858 702 '
954 689 970 742 *3
1063 713 1068 728 ·

78 775 375 857 Conciliare=paters
398 774 536 854 quodsi
559 789 749 840 contemnet
770 769 970 856 agendumst
1080 841 1094 865 θ

76 858 386 940 Munerepriveiur:
409 860 440 926 si
457 861 539 922 'vero
562 857 674 925 audire
688 861 890 922 'monentem
954 857 961 914 Ι
1061 878 1066 891 ·

27 982 30 991 ·
76 946 163 1009 Filius
185 943 344 1006 indomita
364 939 545 1028 neglexerit
566 963 644 1008 aure
666 957 847 1025 parentem,
1080 925 1095 959 r

77 1031 145 1093 Non
160 1029 222 1093 ‘erit
243 1027 278 1088 in
298 1027 402 1090 feudo
425 1029 592 1090 successor
612 1027 751 1108 idoneus
773 1028 841 1105 illo,

77 1115 114 1179 Ni
137 1113 220 1198 [rrius
237 1107 418 1210 'accensam
448 1110 575 1174 domini
598 1104 777 1196 'plaoaverit
804 1111 896 1175 iram.

78 1199 104 1265 Si
124 1215 192 1262 tuus
215 1199 381 1261 ‹ix-leudo
405 1197 556 1277 cuiquam
578 1199 720 1262 vasallus
742 1199 775 1259 id
796 1197 917 1280 ipsum,

79 1283 218 1357 Contulit,
240 1297 340 1378 atque
363 1298 421 1346 tuo
444 1284 603 1345 vasallum
625 1303 764 1348 mouere
788 1281 865 1347 feeit

18 1374 37 1417 ἐ
78 1371 146 1450 Ipse
167 1367 235 1443 sibi,
257 1367 285 1430 si
307 1368 390 1432 forte
413 1383 512 1444 tuam,
532 1371 600 1450 jam
621 1367 733 1434 tertius
755 1367 813 1434 ills
939 1371 941 1376 ’

19 1472 20 1483 ’
60 1455 236 1516 'Successor
256 1453 376 1516 meruit
396 1453 486 1522 factis
509 1451 671 1518 atrocibus
692 1454 785 1529 iram,

78 1538 141 1602 Nec
161 1537 215 1600 tibi
236 1556 298 1618 pro
321 1538 416 1620 culpa
438 1538 574 1600 domino
596 1537 761 1602 mediante
784 1535 933 1600 secundo
959 1567 962 1572 ·
1053 1607 1056 1618 ¹
1090 1535 1096 1553 '

79 1623 197 1688 Eeoerid
212 1622 284 1704 ipse
305 1622 396 1684 satis:
417 1625 590 1704 reprobato
609 1624 759 1706 protinus
780 1623 849 1699 illo,

80 1707 131 1772 Ad
147 1709 321 1770 dominum
344 1709 481 1773 redeant
501 1707 643 1770 feudalia
665 1707 738 1790 jura
760 1706 962 1770 secundum
1052 1697 1114 1746 ,·

80 1793 107 1856 Si
125 1809 193 1863 tuus
215 1793 272 1855 ille
294 1812 391 1856 suum
414 1792 470 1855 tibi
493 1791 662 1870 consiliare
684 1788 819 1857 fidelem
847 1809 852 1826 ¹
956 1809 959 1818 ’

24 1943 25 1946 ,
60 1877 208 1960 ,Spemits
231 1893 266 1940 et
288 1883 343 1940 aut
363 1893 505 1960 torpens,
523 1892 582 1940 ¹aut
601 1875 751 1976 perfidus
770 1895 841 1941 esse
862 1877 1028 1960 probatur,
1092 1952 1095 1961 Ι
1163 1897 1169 1910 ·

81 1965 243 2026 Ambobus
266 1962 381 2044 spretis
404 1964 446 2024 ad
468 1978 499 2025 te
523 1979 577 2025 tua
595 1983 668 2044 Jura
689 1957 868 2029 decurreni-

81 2047 161 2111 Inter
179 2048 321 2110 vasallos
344 2045 439 2110 unius
461 2049 544 2112 forte
566 2046 694 2130 patroni
718 2052 729 2082 ¹

109 2133 224 2196 ua'estio
245 2135 292 2196 ‚de
307 2132 416 2194 deudo
439 2133 566 2213 quoties
590 2132 725 2215 agitatur
746 2134 884 2212 eodem,

110 2238 150 2279 uo
169 2216 270 2282 feudi
285 2217 420 2280 domino
443 2220 596 2300 gaudent,
618 2217 682 2280 hos
700 2219 810 2298 judice
833 2231 969 2284 certent.
1013 2254 1016 2260 ·

21 2316 23 2319 ·
83 2303 109 2364 St
127 2301 178 2365 tibi
199 2323 260 2385 pro
283 2303 508 2383 feudo,·‘quod
522 2317 562 2367 ‘te
585 2303 746 2366 tribuente
768 2304 889 2366 fatetur

83 2387 326 2469 Artemonis
348 2409 429 2451 vero
446 2377 563 2490 beflas,
586 2387 726 2451 vasallus
749 2389 910 2468 agendam
953 2429 956 2438 ‚

83 2471 168 2537 Forte
190 2487 306 2537 movet
325 2471 435 2548 litem,
459 2491 535 2534 non
556 2487 608 2548 tu,
638 2473 697 2536 sed
719 2473 806 2534 curia
824 2473 930 2554 judex

83 2556 205 2633 Audiat,
227 2573 371 2623 etscerto
394 2552 590 2625 determinet
611 2556 725 2620 ordine
748 2578 889 2622 oausam.

83 2641 233 2718 Matthia,
268 2661 326 2706 seu
349 2643 474 2705 comitis
496 2643 676 2723 possessio,
704 2641 775 2704 sive
798 2643 934 2706 ducatus
962 2686 968 2704 t
1037 2670 1040 2680 ·

83 2726 204 2810 Integra
225 2742 455 2809 permaneanu
488 2727 628 2793 feudalia
652 2731 758 2790 ceter-‘a
779 2727 889 2790 multis

17 2844 19 2847 ·
84 2810 297 2900 Participanda
320 2827 446 2893 patent,
479 2812 615 2875 domino
638 2814 717 2874 dum
732 2812 879 2892 ·quisque
901 2809 1002 2878 fidele

85 2896 240 2975 Spondeat
262 2897 692 2978 obsequiumfjurandaque
714 2899 850 2962 foedera
871 2911 1057 2978 praestes*
1088 2959 1090 2970 ,
1121 2883 1123 2888 ’

84 2981 273 3056 strumen,
303 2998 338 3044 ut
361 2983 514 3044 dominos
537 2981 686 3064 ejusdem
708 2982 844 3044 nomine
866 2984 999 3066 plures,
1061 3045 1063 3062 ,

83 3061 226 3144 Vasallus
249 3067 341 3132 feudi
363 3087 433 3128 non
457 3069 672 3153 compellatur
692 3068 825 3130 babere.
850 3065 855 3073 “

83 3145 252 3228 Praeterea,
270 3152 429 3233 *quotiens
458 3153 582 3216 feudali
606 3153 685 3234 jure·
709 3166 853 3234 recepto,

84 3232 227 3300 Vasallus
252 3237 388 3310 domino
410 3237 488 3300 fidei
506 3237 668 3317 juramina
689 3251 838 3319 praestat,
963 3302 967 3308 ,

84 3313 301 3404 Excipiendus
323 3323 382 3385 erit
401 3321 573 3384 Romanus
595 3321 731 3387 nomine
753 3323 919 3404 princeps,

15 3426 17 3429 ’
84 3403 241 3470 Omnibus
264 3407 313 3468 his
333 3401 424 3492 leges
446 3405 552 3469 voluit
574 3409 766 3472 subnectere
789 3408 887 3488 pacis.

86 3481 215 3567 Caesar,
237 3499 442 3559 oteatremo
464 3486 640 3574 positis‘in‘
652 3494 721 3560 fine
742 3491 900 3572 loquendi

85 3569 243 3652 Vocibus,
266 3578 446 3640 admonitas
469 3592 677 3658 penetrarent
699 3579 792 3639 altius
815 3597 920 3652 aures,

84 3657 241 3726 Omnibus
263 3663 297 3724 in
320 3677 441 3737 nostro,
464 3664 555 3742 quod
577 3663 635 3726 toti
656 3663 840 3746 praeminet
862 3659 934 3726 orbi

19 3807 21 3816 ,
85 3741 239 3814 Gentibus
261 3763 295 3812 et
316 3749 456 3828 populis,
479 3747 583 3810 etlicta
604 3750 749 3830 potentia
770 3766 873 3828 regno

20 3829 31 3855 ‘
84 3821 266 3894 Tradimus:
287 3849 324 3906 ut
345 3833 452 3895 cuncti
473 3832 635 3894 bellorum
658 3834 749 3897 clade
771 3847 907 3903 remota,

18 3980 22 4004 ἱ
84 3907 245 3997 Tempore
262 3918 338 4000 iam
367 3933 478 3980 nostro
507 3917 594 3999 pacis
624 3937 754 3982 servare
784 3918 929 3997 quietern

14 4008 15 4013 ’
49 4053 51 4065 ,
84 3991 241 4087 Incipient
260 4001 431 4068 homines:
450 4017 645 4088 poenasque
664 4003 862 4072 nocentibus
880 4003 978 4079 ultro,
1030 4029 1034 4040 ¹

1009 4083 1116 4154 Atat.
1154 4044 1157 4050 ’
