2788 4854
22 588 23 591 ’
87 578 309 684 pardonum,
343 597 428 662 quae
457 579 607 664 spaciosa
634 593 718 660 erat,
752 578 877 647 crudeli
904 583 1022 649 funere
1045 601 1120 648 stet-

87 669 217 728 nentess‘
250 685 392 766 quorum
424 667 508 730 adeo
537 667 702 751 sanguinis
730 667 829 742 facta
843 681 892 730 εει
914 670 1050 744 effusio,
1084 683 1120 736 ιιι
1164 709 1170 722 ι

87 753 173 815 etiam
195 750 260 813 rivi
282 771 352 833 per
362 752 431 834 ipsa
453 753 651 833 pavimenta
676 753 785 836 regiae
805 756 902 816 aulae
926 755 1120 830 defluerent,

88 840 244 916 eiusque
275 839 314 898 ad
344 837 425 899 talos
454 837 546 900 fusus
576 859 671 901 cruor
693 852 900 904 accresceret.
944 831 1124 914 Sarraceni,

87 921 240 984 interdum
256 937 453 1028 ‘recuperato
477 923 603 1004 spiritu
612 934 646 986 et
666 924 809 996 vitibus,
830 923 865 1010 ip
888 923 1119 994 defensionem

86 1007 189 1068 frustra
219 1006 403 1090 eriguntur·
431 1007 489 1073 sed
512 1024 623 1069 tamen
650 1011 762 1106 plures
790 968 970 1073 fidelium
960 1026 1151 1087 incautos„

36 1150 40 1161 ,
88 1099 202 1154 mutua
223 1093 325 1158 caede
358 1093 583 1176 perfoderunt.
648 1097 692 1159 In
726 1091 898 1156 cisternam
932 1109 1039 1158 autem
1073 1115 1121 1160 re

24 1213 25 1216 =
88 1176 179 1259 giam,
213 1181 404 1256 quad‘ante
433 1177 522 1242 fores
552 1179 702 1258 ejusdem
731 1177 870 1264 palatii
862 1199 897 1244 ιιι
919 1182 1056 1241 ιιιοιιιιιιι
1080 1183 1130 1244 las

80 1281 135 1333 ,cus
157 1262 407 1360 amplitudinem
431 1277 463 1324 et
485 1200 748 1358 magnitudinem
770 1278 863 1325 cavat
864 1263 941 1332 ione
964 1265 1120 1340 continet,

89 1346 277 1412 testudinem
299 1346 438 1414 fornicei
461 1348 569 1428 operis
593 1349 739 1435 desuper
760 1347 902 1424 babens,
932 1350 1121 1416 marmoreis

88 1432 223 1512 undique
253 1433 391 1512 subnixa
431 1431 594 1498 columnis
628 1431 740 1518 plures
774 1437 1027 1504 Sarracenorum
1060 1455 1121 1516 pet
1149 1458 1151 1463 ·
1204 1495 1208 1516 ,
1308 1425 1319 1450 ’

29 1545 32 1554 ·
91 1519 214 1598 gradus,
248 1517 325 1598 qui
334 1519 375 1582 ad
404 1515 619 1582 hauriendam
642 1537 759 1600 aquam
782 1517 984 1618 introeuntes
1007 1523 1123 1602 perdu

23 1608 24 1611 ’
91 1617 180 1700 ιιιιιιι
201 1601 436 1704 confugerunt·
477 1619 620 1682 quorum
650 1601 725 1666 alii
739 1603 830 1683 aquis
858 1605 1008 1670 suffocati
1036 1621 1125 1713 sumt,¹

90 1772 177 1834 sionis
209 1772 371 1854 perempti
408 1787 495 1834 sunt.
544 1762 679 1838 Perea
706 1793 788 1835 vero
818 1773 996 1853 foramina,
1028 1795 1120 1872 quae

92 1871 165 1918 trans
186 1859 388 1922 testudinem
412 1877 470 1918 ora
488 1855 531 1918 in
553 1858 693 1922 modurn
713 1855 813 1956 putei
836 1859 1022 1935 habebant,
1056 1867 1123 1926 tam

72 1936 250 2004 'Christiani
274 1962 371 2025 quam
391 1941 555 2006 sarraceni
577 1943 750 2041 praecipiti
767 1944 844 2025 fuga
867 1963 1031 2024 caecoque
1056 1959 1122 2008 cur-

26 2060 30 2067 ·
92 2045 124 2088 su
149 2029 319 2102 cadentes,
352 2047 423 2088 non
451 2027 559 2089 solum
588 2027 814 2094 submersione
842 2029 1122 2110 periclitabantur,

93 2113 142 2176 sed
162 2127 194 2176 et
211 2113 322 2178 fractis
332 2111 436 2174 ιοιιιι
468 2127 501 2175 et
523 2113 723 2188 cervicibus,
744 2127 799 2178 aut
820 2113 921 2202 ruptis
944 2115 1121 2182 visceribus
1149 2138 1151 2146 ’

28 2223 34 2239 ’
94 2197 367 2295 extinguebantur.
415 2197 528 2278 Hujus
559 2197 682 2284 quippe
712 2197 872 2266 cisternae
899 2201 1008 2283 regiae
1038 2221 1123 2282 aqua

92 2281 229 2348 inomni
241 2283 424 2346 obsidione
446 2219 534 2346 urhis
557 2285 598 2346 ad
619 2303 808 2348 mensuram
830 2278 962 2350 civibus
978 2287 1124 2368 indigen

42 2443 43 2448 ἵ
93 2359 191 2430 tibus
187 2384 220 2433 et
242 2367 396 2431 militibus
420 2367 488 2430 dari
507 2369 645 2442 solebat,
669 2369 709 2432 ad
733 2371 900 2448 aquandos
919 2391 1034 2453 equos,
1055 2393 1124 2452 gre
1133 2431 1135 2446 ,

30 2517 33 2529 ,
93 2471 141 2550 ges
168 2470 201 2518 et
228 2453 384 2520 tmiversa
410 2453 576 2534 jumenta,
610 2467 643 2520 et
670 2455 711 2516 ad
739 2473 855 2519 omnes
878 2475 955 2518 usus
978 2469 1124 2520 necessa

30 2592 31 2597 ,
94 2537 161 2609 rios,
197 2541 255 2602 Ex
274 2539 366 2603 omni
388 2537 549 2604 stillicidio
569 2531 767 2638 pluviarum,
791 2539 861 2601 ab'
852 2539 952 2620 tpsius
975 2541 1049 2631 tecti
1071 2561 1123 2622 pa·
1168 2537 1171 2544 ”

37 2635 63 2691 ’,
94 2621 150 2684 latii
172 2625 348 2699 canalibus,
365 2623 550 2706 templique
571 2621 713 2686 Domini
733 2623 913 2704 testudine,
936 2639 969 2690 et
992 2647 1010 2692 a
1032 2625 1122 2696 tectis

48 2755 55 2765 .
94 2711 259 2772 multorum
289 2707 532 2798 aedificiorum,
563 2709 768 2783 confluente,
796 2709 878 2777 haec
908 2709 1044 2776 cisterna
1073 2711 1124 2776 ad

30 2859 32 2866 ,
95 2789 257 2876 impletur,
277 2827 281 2832 ·
300 2815 359 2876 per
397 2795 552 2859 circulum
592 2793 670 2860 anni
708 2793 857 2876 frigidam
891 2817 928 2858 ac
960 2799 1124 2862 salubrem

97 2897 202 2957 aquarn
245 2880 392 2946 abunde
408 2880 572 2960 ,omnibus
613 2877 680 2942 iilic
714 2884 831 2946 urbem
868 2881 1124 2946 inhabitantibus

97 2965 322 3064 administrans..
361 2965 495 3066 Egressi
524 2979 635 3032 autem
658 2963 830 3034 Christiani
849 2967 999 3032 victores
1031 2989 1123 3052 apa·
1154 2978 1158 2984 '
1236 2958 1238 2962 ¹

95 3035 162 3113 latio
187 3067 290 3144 post
281 3047 424 3116 nimiam
453 3065 494 3116 et
507 3065 675 3132 cruentam
705 3053 843 3118 caedem
864 3053 1125 3149 Sarracenorum,
1172 3085 1232 3140 „⁴

67 3147 71 3166 '
97 3129 228 3218 quorum'
250 3137 367 3203 decem
388 3134 520 3204 millia
510 3157 545 3198 ιιι
556 3136 656 3236 ipso
662 3135 861 3213 oeciderunt,
871 3115 992 3218 plures
1015 3137 1125 3218 copias

96 3221 275 3300 gentilium,
318 3241 405 3322 per·
412 3217 504 3284 vicos
537 3219 673 3286 civitatis
708 3238 850 3286 errantes
880 3219 1018 3304 diffugio
1048 3242 1155 3303 prae.
1250 3258 1251 3268 ι

95 3305 201 3370 timore
231 3308 360 3406 mpttis,
396 3306 431 3368 in
461 3327 518 3371 ore
547 3303 644 3389 gladii
672 3323 913 3394 percusserunt.
955 3307 1127 3382 Mulieres,
1159 3323 1164 3334 ·

20 3410 21 3413 ’
96 3401 169 3468 quae
191 3393 225 3454 in
248 3380 370 3462 turritis
387 3392 516 3474 palatiis
535 3407 568 3456 et
590 3390 678 3455 soliis
704 3390 936 3476 confugerant,
965 3413 1126 3461 mucrone

95 3477 319 3542 confoderunt·
340 3477 490 3553 infantes,
513 3477 620 3540 adhuc
641 3493 805 3559 sugentes,
827 3499 887 3560 per
907 3481 1051 3562 plantam
1072 3497 1137 3582 pe·¹

23 3614 24 3619 ,
83 3558 135 3652 'dis
162 3583 180 3625 e
209 3563 283 3624 sinu
311 3561 438 3662 apanis,
468 3579 523 3626 aut
552 3563 720 3627 cunabulis
750 3575 910 3645 arreptos,
939 3563 1040 3633 muris
1069 3559 1127 3626 vel
1210 3565 1212 3570 ’
1305 3547 1311 3559 ⁸

19 3724 20 3727 Ἴ
94 3639 251 3711 ostiorum
263 3645 430 3710 liminibus
454 3647 642 3722 allidentet,
671 3647 798 3713 fractis'
807 3648 1030 3724 cervicibus,
1043 3647 1125 3710 alios
1225 3691 1228 3702 -

93 3731 177 3794 armis
199 3725 410 3808 trucidabant,
434 3733 513 3798 alios
530 3732 694 3815 lapidibus
714 3735 916 3812 obruebant,
937 3733 1019 3801 nulli
1039 3753 1127 3818 prot·-

93 3813 138 3877 ιιι
159 3818 253 3884 aetati
276 3831 331 3880 aut
351 3815 465 3900 generi
486 3817 658 3917 gentilium
681 3834 878 3900 parcentes.
923 3819 1126 3916 Quicunque

92 3916 160 3982 ergo
182 3903 329 3964 domum
343 3919 412 3973 aut
419 3904 574 3985 palatium
596 3901 684 3987 prior
704 3902 898 3982 invadebat,
937 3925 1019 3988 curn
1035 3903 1129 3970 omni

92 3980 327 4071 suppellectile,
349 3987 529 4066 frumento,
551 3991 639 4067 oleo,
661 3989 789 4056 hordeo
812 4005 846 4054 et
867 3990 965 4069 vinu,
988 3990 1131 4076 pecunia

1071 4093 1127 4143 aut
1201 4073 1204 4080 ’
