2788 4854
978 424 1148 558 '163‘

73 636 189 698 nerunt,
228 637 430 706 repertoque
461 643 546 704 papa
578 619 613 682 in
639 619 808 714 ¹'Canu-sio,
839 619 974 710 veniam
1007 645 1097 706 prae·

18 735 19 788 3
73 727 201 790 sumptae
221 709 427 782 rebellionis,
449 724 547 788 atque
569 722 606 768 ut
628 709 969 776 excommunicatione
993 713 1095 774 absol·

18 843 19 854 .
74 803 223 868 verentur,
257 793 356 856 nudis
378 793 601 874 pedibus,·et
627 791 732 878 laneis
761 795 800 852 ad
823 815 954 856 carnem
977 797 1094 873 induti,
1157 865 1172 884 ,

18 919 19 928 2
56 879 240 962 ,suppliciter
262 881 480 960 postulabant.
518 873 588 940 'Ille
617 878 683 951 his,
715 877 772 957 qui
802 879 962 942 veraciter
983 900 1093 962 pecca·
1143 891 1158 954 ⁴„

18 961 41 1006 ,³
74 980 126 1028 lum
145 983 239 1025 suurn
265 979 481 1046 agnoscerent
508 963 740 1036 et-deiieretrt,
773 983 842 1024 non
865 981 947 1035 esse,
976 968 1092 1046 ajebat,

18 1079 19 1104 i
76 1049 309 1112 misericordiam·
331 1048 569 1130 denegandam,
592 1050 652 1112 sed
672 1049 806 1130 longam
823 1048 1093 1128 inobedientiam,
1132 1121 1134 1127 A

80 1134 162 1197 stdiu
182 1135 342 1208 incretam
365 1133 489 1215 peccati
509 1133 711 1214 rubiginem,
732 1131 952 1197 'diuturnioris
981 1129 1093 1216 poeni.

52 1288 54 1298 .
82 1219 169 1284 tertiae
191 1220 270 1302 igne
294 1219 443 1282 esuriet
465 1220 605 1308 excoqui
628 1233 798 1300 oportere-s
829 1237 1040 1302 quapropter,
1064 1223 1091 1287 si
1174 1231 1190 1254 '¹

80 1323 116 1365 scs
137 1305 357 1368 reverafacti
384 1305 584 1386 poeniteret,
617 1305 724 1381 aequo
754 1303 863 1368 animo
894 1322 1098 1384 paterentur,
1124 1341 1125 1344 κ

78 1389 276 1470 quodcunque
305 1391 457 1452 sanandis
484 1385 676 1450 vulneribus
705 1407 822 1452 eorum
851 1389 1020 1454 adhiberet
1042 1415 1091 1456 ee.

76 1473 247 1543 clesiasticae
271 1474 483 1558 correptionis
505 1474 703 1546 cauterium,
735 1493 779 1536 ne
802 1495 845 1536 ex
871 1473 1090 1540 facilitatem·

75 1557 237 1640 dulgentiae
272 1561 385 1642 culpa,
424 1579 509 1640 quae
542 1559 698 1622 adversus
730 1559 845 1622 sedem
878 1561 1090 1639 apostolicam

75 1658 144 1704 atrox
163 1657 197 1706 et
216 1643 404 1707 vehemens
427 1658 634 1726 praesumpta
654 1642 785 1712 luisset.
818 1643 872 1708 vel
902 1665 1003 1724 parva
1032 1649 1090 1712 vel

18 1737 19 1748 ¹
72 1728 143 1788 nulla
161 1728 342 1794 videretur.
388 1729 458 1801 Illis
487 1741 614 1810 paratos
644 1745 688 1788 se.
709 1727 935 1808 profitentibus
958 1733 999 1791 ad
1022 1754 1090 1794 om-

24 1861 31 1876 .
71 1813 125 1886 nia,
144 1833 225 1892 quae
248 1814 475 1898 imposuisset,
502 1811 706 1886 sufferenda,
736 1811 908 1896 episcopos
931 1827 1091 1881 om'nesa
1185 1861 1189 1880 .
1269 1831 1273 1846 '
1342 1813 1346 1824 “

71 1897 251 1972 seinvicem
276 1902 456 1980 separatos,
478 1895 642 1980 praecepit
663 1897 796 1980 singuiis
819 1895 908 1960 celiis
930 1899 1089 1966 solitarios
1192 1967 1197 1977 .

71 1979 188 2058 includi,
209 2003 277 2047 nec
298 1987 403 2054 ullum
426 2005 501 2046 cum
524 1983 633 2062 aliquo
655 1981 777 2047 habere
798 1983 1018 2062 colloquium,
1049 1989 1092 2050 ad

72 2074 222 2148 vesperam
246 2085 358 2132 autem
377 2069 443 2130 “cibi
460 2085 492 2132 et
514 2083 610 2149 potus
634 2067 972 2132 mediocrimensura
988 2072 1089 2136 refici.
1136 2075 1138 2083 “

71 2148 158 2215 Laicis
179 2160 334 2234 quoque,
368 2175 427 2236 pro
450 2153 559 2216 aetatis
583 2153 639 2216 vei
666 2149 785 2213 virium
815 2153 1087 2234 consideratione,
1148 2177 1152 2185 ·

30 2253 290 2318 ,congruentem
323 2238 457 2321 singuiis
490 2237 725 2318 poenitentiam
758 2237 883 2299 indixit.
943 2241 996 2302 Ita
1029 2263 1089 2323 per
1146 2301 1148 2314 ,

73 2319 175 2402 aliquot
195 2325 269 2386 dies
291 2326 491 2390 examinatos
515 2325 647 2387 tandem
669 2323 710 2382 ad
733 2339 768 2392 se
791 2320 933 2394 vocavit,
958 2339 991 2386 et
1012 2327 1091 2399 leni-

71 2420 110 2468 ter
125 2429 180 2488 pra
202 2408 350 2480 admissis
373 2410 569 2490 objurgatos,
592 2421 626 2469 et
646 2427 691 2469 ne
713 2406 868 2488 deinceps
885 2408 991 2472 simile
1010 2413 1089 2491 quid

19 2473 25 2558 i
72 2493 275 2568 admitterent,
308 2494 543 2566 commonitos,
562 2490 916 2572 excommunicatione
940 2496 1091 2572 absoluit,

72 2577 315 2658 abeuntibusque
336 2579 369 2640 id
392 2594 468 2641 ante
488 2576 600 2649 omnia
620 2591 790 2657 repetens,
822 2576 948 2640 iterum
962 2578 1097 2642 iterum-¹
1249 2595 1266 2643 t

73 2677 124 2738 que
143 2664 316 2744 praecepit,
337 2685 381 2730 ne
399 2683 477 2744 rege
498 2664 659 2736 Henrico,
681 2663 789 2723 donec
810 2663 880 2736 sedi
895 2657 1095 2744 apostolicae*

19 2755 22 2816 l
72 2749 265 2824 post-iactam
285 2749 436 2830 injuriam
457 2748 670 2822 satisfecisset,
692 2747 895 2832 aliquatenus
911 2751 1091 2815 communi·
1173 2825 1176 2837 ι

20 2833 21 2906 l
74 2847 179 2908 carent,
209 2848 266 2896 aut
288 2835 319 2896 ei
341 2835 381 2896 ad
405 2835 621 2904 evertendum
644 2849 760 2894 statum
784 2831 1001 2913 reipublicae,
1029 2852 1090 2898 tur-

20 2909 22 2986 i
73 2913 264 2999 baradamque
295 2939 411 3000 pacem
444 2917 707 2990 ecclesiasticam,
745 2916 779 2978 in
812 2917 921 2998 aliquo
955 2940 1088 3002 operam

20 2995 26 3084 i
74 3016 148 3062 tuam
168 3007 470 3067 accommodarent:
502 3005 542 3064 ad
566 3005 629 3064 iroc
650 3017 760 3068 tamen
789 3007 942 3066 omnibus
964 2997 1091 3071 indiffe-

20 3103 21 3144 ὲ
73 3102 164 3150 tenter
184 3089 256 3170 ejus
278 3090 438 3170 permisso
461 3089 638 3167 colloquio,
659 3103 695 3148 ut
713 3089 752 3148 ad
772 3087 1005 3168 poenitentiam
1019 3095 1101 3172 pro-¹

20 3173 22 3246 ζ
74 3185 241 3248 vocaretur,
276 3189 308 3236 et
331 3197 349 3236 a
371 3193 466 3236 cursu
493 3175 570 3234 mali
588 3170 721 3254 operis,
754 3191 821 3254 quo
844 3193 999 3255 praeceps
1022 3175 1091 3256 rapi

21 3267 22 3274 ’
75 3253 237 3333 videbatur,
258 3259 485 3322 retraheretur·
532 3261 665 3321 Interea
691 3274 750 3320 rer
772 3259 940 3339 Henricus
963 3260 1092 3326 Mathil·
1140 3284 1146 3300 .

21 3351 23 3426 j
61 3337 135 3421 ¹drus
155 3342 350 3407 comitissam
373 3347 413 3406 ad
436 3341 638 3422 colloquium
660 3341 827 3415 evocavit,
860 3363 1000 3424 eamqur⁸
1023 3365 1092 3424 pre.

21 3427 24 3498 j.
76 3424 149 3488 cibus
171 3449 207 3492 ac
229 3429 498 3509 promissionibus
521 3443 686 3490 oneratam
710 3427 750 3488 ad
773 3447 890 3507 papam
909 3425 1094 3505 transmisit,

21 3507 22 3518 ’
76 3523 101 3570 rt
123 3531 193 3575 cum
223 3533 263 3574 ea
290 3533 419 3586 socrum
448 3533 557 3585 suam,
588 3513 759 3592 filiumque
789 3511 876 3592 ejus,
911 3513 1091 3594 Aaronem

22 3637 23 3640 ,
76 3593 155 3658 ctia'm
176 3598 409 3672 marchionem,
434 3614 467 3664 et
488 3599 638 3660 abbatem
661 3597 930 3672 Cluniacensem,
954 3614 986 3660 et
1008 3599 1088 3660 aiios

22 3743 23 3766 ,
75 3684 235 3748 nonnullos
247 3705 301 3746 ex
321 3684 432 3766 primis
448 3683 569 3746 'Italiae
592 3681 798 3764 principibus,
821 3699 962 3760 quorum
980 3681 1093 3744 autito-

22 3793 24 3804 ’
76 3761 183 3833 limem
205 3769 314 3854 magni
336 3771 424 3851 apud
446 3789 524 3832 eum
547 3767 703 3829 momenti
720 3783 793 3830 esse
810 3787 880 3827 non
898 3766 1092 3850 ambigebat,

22 3899 23 3912 ,
77 3850 243 3934 obsecrant,
265 3870 301 3916 ut
318 3851 656 3939 excommunicatione
675 3850 909 3924 absolveretur,
931 3873 993 3915 nec
1010 3855 1097 3934 prin:

23 3969 24 3974 κ
77 3930 183 4018 cipibus
194 3937 394 4022 Teutonicis,
416 3938 471 4018 qui
495 3941 535 3998 ad
553 3936 769 3998 accusandum
790 3942 878 4010 eum,
899 3937 1031 4000 stimulo
1049 3939 1095 3999 in-

78 4017 309 4118 vidiae-magis,
341 4045 441 4106 quarm
462 4025 537 4087 zelo
556 4021 699 4174 justiItiae
728 4021 937 4100 exarsissent,
969 4032 1095 4171 terpqre
1184 4063 1189 4074 ·

683 4123 703 4172 2
1061 4125 1096 4176 81
