2788 4854
979 343 1224 484 ¹205⁸,¹

84 581 327 668 Peregrinorum
354 577 493 649 leniter
500 595 612 664 posset
632 579 751 658 auferri
779 596 813 649 et
835 581 1000 662 amoveri,
1029 585 1116 654 duln
1149 587 1153 601 '

84 671 118 732 ad
144 668 402 732 comburendam
431 669 616 732 machinam
643 687 739 732 trans
767 686 878 732 muros
912 685 945 732 et
977 672 1112 734 rnoeuia

84 756 255 852 praefatum
284 754 411 836 lignum
437 753 620 833 jactarmetur
662 756 806 835 Aptato·
818 757 1031 854 perfectoque
1052 757 1114 821 hu·

82 842 127 922 jus
155 839 282 900 roboris
317 839 486 913 aedificio,
521 842 662 937 quadarn
696 841 752 903 die
781 841 928 904 universi
955 844 1044 904 cives
1074 863 1112 904 ac
1191 837 1196 844 “

84 923 190 987 milites
211 924 298 1008 regis
318 924 553 1004 Babyloniae
545 942 628 988 intra
650 928 766 994 urbem
789 919 936 1000 adunati,
973 926 1055 988 circa
1076 927 1120 1000 id,
1143 992 1144 998 χ
1172 993 1181 1006 ,

83 1030 174 1089 opus
185 1011 409 1074 conferuntur.
475 1009 545 1108 Qui
573 1009 681 1081 scalis,
717 1010 815 1077 hastis
845 1026 888 1074 et
907 1011 1109 1093 apparatibus

10 1135 11 1142 ι
85 1093 141 1156 suis
169 1115 269 1175 grave
296 1094 481 1175 lignum,
474 1114 646 1158 incensum
674 1095 768 1178 igne,
801 1095 892 1157 omni
917 1117 1001 1176 aqua
1022 1095 1112 1168 inerc-
1150 1153 1158 1160 .
1200 1167 1204 1180 ι

86 1171 251 1261 tio'guibili,
287 1194 372 1242 trans
400 1199 510 1242 muros
541 1180 575 1241 in
604 1181 722 1244 virtute
755 1199 874 1262 magna
902 1199 936 1243 et
962 1201 1110 1246 momen·

85 1277 112 1325 to
141 1265 382 1344 deposuerunt,
425 1265 510 1328 iuter
541 1286 653 1330 muros
689 1279 722 1330 et
754 1267 938 1328 machinam
970 1267 1101 1347 hocja

86 1348 212 1412 tientesc
255 1364 293 1417 ut
327 1352 367 1411 ab
396 1347 490 1412 illius.
508 1351 708 1420 validissimo
738 1351 852 1420 ardore
881 1367 1010 1432 postes,
1043 1352 1110 1432 qui-

86 1435 136 1496 bus
168 1448 235 1496 tota
267 1433 465 1498 innitebatur
499 1437 665 1510 machina,
698 1435 852 1517 correpti,
880 1453 1110 1513 cremarentur,
1156 1468 1159 1477 =
1239 1455 1254 1500 ⁴.

87 1519 271 1599 ruinamque
291 1519 325 1582 in
348 1541 388 1582 ea
410 1520 589 1584 habitantes
611 1537 815 1604 ριιιιιειιιιιτι
848 1541 911 1588 nec
938 1519 1005 1584 ulla
1027 1543 1129 1604 aqua

89 1618 144 1666 tam
171 1603 393 1668 vehemens
384 1605 468 1686 ignis
500 1605 769 1687 restingueretur,
804 1626 872 1685 quo
906 1626 1010 1688 usque
1044 1625 1111 1684 tota

88 1690 225 1754 machina
252 1709 329 1754 cum
357 1691 501 1780 praefato
529 1689 685 1754 robore
676 1711 711 1754 tn
740 1691 865 1754 cineres
894 1694 1023 1754 redacto
1044 1713 1128 1756 corr
1205 1749 1208 1759 s

87 1774 199 1838 ruisset.
252 1775 388 1838 ¹Verum
410 1772 599 1852 christianis,
622 1779 661 1838 ab
670 1773 850 1874 indigenis
868 1775 1109 1842 conchristianis

88 1879 129 1920 res
147 1859 304 1959 innotuit,
325 1875 359 1924 et
380 1862 528 1941 qualiter
537 1859 620 1924 hio
611 1861 711 1942 ignis,
736 1881 819 1944 aqua
842 1853 1109 1944 inextinguibilis,

89 1946 148 2006 solo
176 1945 258 2008 aceti
284 1943 411 2025 liquore
439 1944 596 2030 restingui
623 1948 741 2012 valeat.
790 1945 930 2012 Unde
922 1964 956 2007 ιιι
986 1947 1108 2010 utribus
1196 1985 1198 2000 ·

89 2026 158 2092 intra
192 2029 378 2129 machinam
416 2047 561 2106 acetum,
597 2051 640 2096 ex
671 2031 877 2114 providentia
909 2031 1110 2112 impositum,

88 2132 174 2196 super
193 2112 352 2196 injectum
381 2132 414 2180 et
441 2118 586 2180 effusum
608 2131 672 2182 est:
706 2117 751 2179 sic
773 2119 895 2199 grande
918 2115 1125 2198 incendium

88 2199 281 2274 restinctum,
317 2201 400 2280 ultra
428 2203 599 2267 machinae
626 2223 747 2266 nocere
775 2224 843 2264 non
859 2201 987 2291 potuit.
1048 2204 1110 2268 Ad
1206 2230 1211 2238 ·

87 2282 172 2366 hujus
206 2283 350 2366 denique
381 2287 508 2363 roboris
544 2285 777 2352 extinctionem
806 2307 983 2360 concursus
1013 2291 1111 2354 Pere·
1177 2317 1182 2324 “

88 2369 243 2450 grinorum
269 2372 372 2434 hctus
401 2387 465 2436 est:
501 2373 557 2454 qui
585 2385 732 2437 catenam
761 2370 948 2452 arripientes
970 2375 1043 2436 totis
1066 2373 1112 2435 vi
1193 2380 1194 2387 ’

88 2453 163 2522 ribus
184 2455 379 2520 luctamen'
370 2457 530 2532 mierum,
556 2456 591 2523 hi
613 2456 754 2520 exterius
777 2458 952 2532 trahendo,
976 2458 1040 2519 hi
1032 2454 1109 2521 uite

87 2537 142 2601 rius
162 2541 346 2606 retinendo.
372 2543 446 2641 Sed
467 2541 722 2606 Christianorum
745 2542 858 2616 virtus,
879 2541 966 2606 Deo
975 2543 1110 2606 favente
1162 2547 1166 2556 ’

87 2627 272 2708 praevaluit,
302 2641 335 2692 et
356 2626 401 2690 sic
423 2629 605 2692 Sanacenis
628 2641 741 2692 catena
764 2643 891 2709 erepta,
919 2649 938 2690 a
958 2627 1110 2692 fidelibus

87 2725 217 2776 retenta
227 2727 287 2776 est.
335 2713 380 2776 In
395 2713 552 2813 ejusdem
573 2733 656 2776 vero
678 2728 813 2778 catenae
835 2713 1047 2779 contentione
1069 2715 1109 2776 ab

17 2842 21 2851 .
87 2791 162 2858 intus
184 2812 216 2862 et
239 2799 281 2861 de
306 2797 385 2860 foris
408 2819 444 2864 ac
475 2797 623 2879 quinque
655 2817 891 2882 mangenarum
925 2793 1112 2870 defectione
1177 2803 1179 2810 '

87 2879 227 2944 frustra
215 2903 284 2964 Jam
312 2882 480 2946 deintus
467 2884 675 2965 jactantium,
708 2883 809 2960 dux,
826 2883 882 2963 qui
909 2882 944 2946 in
967 2883 1120 2965 eminens
1148 2903 1151 2913 ¹

87 2963 158 3048 tiore
179 2968 361 3033 coenaculo
383 2968 461 3032 arcis
485 2969 668 3032 obtinuerat
689 2967 913 3044 mansionem,
937 2991 1036 3034 omne
1060 2991 1113 3052 ge

44 3106 46 3116 .
87 3068 140 3123 uus
156 3053 340 3138 jaculorum
362 3073 592 3140 saxorumque,
613 3053 649 3116 in
670 3054 817 3116 medium
840 3057 958 3152 vulgus
983 3057 1113 3151 conglgo

7 3187 8 3192 1
49 3169 51 3175 ι
88 3131 225 3200 batorum
246 3158 322 3204 cum
344 3139 410 3202 suis
431 3127 648 3220 intorquebat,
670 3153 707 3200 et
723 3153 843 3203 stantes
861 3137 895 3198 in
914 3159 1019 3213 muro,
1041 3141 1113 3204 sine

88 3217 316 3310 intermissione
357 3246 376 3288 a
409 3225 587 3324 moenibus
624 3227 779 3288 arcebat.
812 3225 908 3286 Tres
950 3223 1113 3303 siquidem

88 3297 335 3374 Christianorum
357 3331 539 3392 mangenae
561 3307 633 3374 sine
654 3292 787 3389 requie,
818 3305 1000 3374 incessabili
1025 3309 1114 3389 jactu

6 3408 11 3425 ·
88 3396 218 3460 moenia
230 3397 482 3471 transvolabant,
505 3411 538 3458 et
559 3395 711 3460 custodes
727 3393 812 3456 hinc
834 3409 867 3456 et
889 3393 965 3458 hinc
987 3415 1004 3456 a
1024 3415 1111 3456 moe·
1172 3449 1191 3466 „

88 3475 172 3542 nibus
203 3482 305 3564 longe
335 3500 468 3544 recessu
500 3476 731 3544 absterrebant.
794 3477 855 3542 Ad
886 3477 969 3542 haec
1001 3480 1113 3544 fratres

89 3565 325 3670 praenominati,
345 3565 510 3632 Ludotfus
533 3581 566 3629 et
585 3565 815 3648 Engelbertus,
838 3562 989 3628 videntes
1011 3565 1115 3630 Sarra·

89 3664 177 3714 cenos
206 3650 280 3716 ocio
308 3666 454 3732 torpere,
484 3666 518 3715 et
539 3669 655 3716 manus
678 3671 696 3712 a
718 3644 912 3717 defensione
934 3647 1114 3725 continere,

49 3781 51 3790 ι
88 3747 173 3817 elque
209 3757 252 3800 ex
286 3751 428 3828 utroque
460 3738 561 3802 latere
595 3731 767 3800 moenium
803 3734 918 3816 procul
961 3733 1139 3798 absistere.
1196 3818 1199 3828 Ι

28 3819 31 3826 ’
88 3836 209 3902 propter
236 3819 476 3920 mangenarum
514 3836 784 3904 caeterorumque
822 3818 999 3900 impetum,
1043 3818 1115 3884 sine

88 3921 186 3986 mora,
207 3905 313 3970 ¹sicuti
334 3927 430 3968 muro
452 3922 544 3970 erant
563 3905 749 4005 propiores,
781 3923 800 3970 a
830 3905 975 3966 secundo
999 3925 1115 3966 coena

89 3989 193 4068 culo,
184 4013 219 4057 ru
240 4009 308 4095 quo
330 3992 518 4072 manebant,
539 3990 694 4074 porrectis
715 3989 892 4066 arboribus,
915 4006 948 4056 et
969 3988 1003 4056 in
1024 4011 1114 4068 moe·

949 4079 985 4105 “’
1055 4075 1109 4138 uia
1211 4103 1212 4111 ¹
