2788 4854
298 419 382 558 ,a

273 687 274 695 ,
297 635 436 722 negotiis
459 633 627 720 implicent
648 629 863 710 semitribus,
884 651 959 694 curn
983 630 1098 710 ineis,
1123 628 1326 702 ordinationis
1354 601 1378 704 i

268 721 271 728 ’
297 738 458 804 tempore,
485 719 635 803 propriae
657 717 833 784 voluntatis
856 717 1021 780 ‘arbitrium
1042 740 1114 780 non
1135 723 1327 792 remanserit.
1376 723 1379 780 ἐ

297 807 473 872 Gualensis
501 803 647 892 episcopi
676 823 824 875 causam,
860 804 955 868 sacris
985 804 1124 886 omnino
1154 806 1326 872 canonibus
1366 799 1379 882 ,i

296 887 443 969 obviare,
464 909 534 958 non
555 889 680 962 nescis3
702 906 866 958 caeterum
890 889 968 974 quia
989 887 1074 953 inter
1096 892 1247 954 barbaros
1268 894 1327 954 bar·
1377 889 1379 922 ³

296 979 404 1042 barice
433 991 466 1041 et
487 975 603 1039 stolide
626 988 795 1056 promotus
817 988 882 1048 est,
910 977 944 1036 in
966 987 1042 1044 tuae
1063 975 1267 1039 fraternitatis
1287 999 1325 1040 ar·
1378 987 1379 1034 ῑ

191 1055 209 1145 Ἀ
295 1063 391 1128 bitrio
412 1061 577 1145 ponimus.
604 1059 655 1124 Sic
676 1072 797 1132 tamen,
818 1067 855 1120 ut
877 1061 919 1122 de
941 1077 1070 1126 caetero
1088 1059 1125 1122 in
1144 1079 1184 1128 ea
1201 1061 1325 1143 regione
1373 1041 1379 1115 -'

296 1147 490 1229 hujusmodi
517 1167 587 1209 non
613 1159 838 1226 praesumatur
866 1144 1119 1220 animadversio.
1164 1147 1263 1234 Quod
1281 1166 1325 1210 su·
1377 1183 1379 1204 ί

173 1227 179 1240 ’
295 1255 357 1318 per
384 1232 534 1314 ejusdem
562 1229 708 1310 episcopi
735 1228 880 1316 negotio,
913 1247 945 1292 et
968 1230 1035 1294 aliis
1057 1233 1158 1294 rebus
1179 1251 1237 1312 per
1256 1230 1323 1294 fide·
1377 1273 1379 1278 ,

294 1320 345 1382 les
366 1317 499 1397 nuntios
522 1315 705 1397 dirigimus,
727 1320 895 1395 'tanquam
922 1337 963 1380 ex
991 1331 1105 1378 nostro
1120 1390 1122 1398 Ι
1135 1337 1192 1380 ore
1214 1315 1323 1396 audias.

295 1405 452 1480 Munera,
474 1422 560 1482 quae
582 1403 677 1464 beato
703 1402 799 1462 Petro
821 1399 949 1475 misisti,
971 1401 1148 1482 recipimus
1171 1422 1245 1464 cum
1264 1421 1322 1487 gra·
1345 1407 1347 1412 ’

295 1488 413 1550 tiarum
442 1487 588 1560 actione;
623 1485 713 1548 unde
736 1487 776 1546 ab
804 1483 872 1560 illo,
903 1487 961 1572 qui
989 1485 1142 1549 omnium
1162 1488 1323 1552 bonorum

295 1587 346 1635 est
373 1571 561 1646 retributor,
590 1571 779 1633 mercedem
813 1570 959 1652 recipias.
1008 1573 1118 1636 Datae
1146 1567 1323 1654 Beneventi
1378 1597 1380 1604 ,

140 1661 143 1697 ⁵
204 1673 209 1682 “
285 1655 423 1724 .11.1d.
446 1654 652 1720 Decembris.
846 1657 849 1664 “

246 1797 257 1804 .
379 1745 454 1805 Rex
476 1742 585 1820 itaque
608 1761 650 1804 ex
671 1737 732 1814 his,
754 1760 838 1819 quae
862 1739 1006 1822 episcopi
1027 1739 1196 1815 dicebaut,
1217 1739 1249 1802 in
1269 1759 1319 1802 sua

246 1896 249 1904 ¹
294 1825 457 1889 sententia
486 1823 664 1888 animosior
691 1825 810 1900 factus,
839 1822 1023 1891 constanter
1043 1826 1193 1890 insistere
1215 1823 1319 1904 coepit,

224 1927 226 1946 ·
293 1911 480 1974 faventibus
510 1911 616 1988 simul
637 1922 675 1972 ett
696 1910 900 1980 incitantibus
929 1915 1006 1974 eum
1035 1910 1197 1993 episcopis
1228 1907 1318 1989 regni·

294 2013 360 2077 que
382 1995 582 2077 proceribus,
607 2009 766 2075 quatenus
789 1994 861 2059 sine
883 1995 1109 2066 retractatione
1131 1995 1192 2060 sibi
1211 1991 1317 2057 Ansel·

292 2101 370 2144 mus
389 2080 576 2144 hominium
597 2081 727 2152 faceret,
743 2076 783 2142 ‘et
799 2101 867 2160 eos,
890 2081 1010 2160 quibus
1030 2100 1064 2144 se
1087 2081 1236 2146 daturum
1256 2097 1316 2158 pro·
1380 2115 1381 2118 =

292 2165 380 2228 tinus
416 2165 621 2246 episcopatus
657 2164 800 2239 dicebat,
841 2181 1105 2232 consecraturum
1142 2165 1316 2247 sponderet,

291 2265 421 2314 servata
442 2251 476 2312 in
499 2249 653 2324 omnibus
674 2265 915 2313 antecessorum
939 2251 1190 2315 consuetudine.
1230 2243 1316 2313 Tunc

270 2323 361 2410 ‚ille
384 2335 411 2398 si
432 2355 578 2410 suorum,
601 2333 690 2414 dixit,
715 2336 834 2410 verbis,
856 2328 1085 2421 episcoporum
1107 2336 1237 2400 litterae
1250 2351 1315 2392 con-
1379 2347 1381 2416 ζ

290 2423 478 2495 cordarent,
506 2421 671 2484 intellecta
699 2419 965 2496 ratione,forsan
994 2422 1085 2502 quod
1107 2420 1214 2503 exigit,
1243 2417 1314 2478 face·
1380 2425 1382 2500 l

257 2507 373 2570 ''rem.
417 2510 518 2584 Nunc
540 2517 661 2582 autem,
687 2525 732 2566 ne
755 2505 791 2567 in
812 2505 881 2567 ullo
904 2505 1061 2588 decipiar,
1082 2506 1217 2572 electius
1237 2500 1314 2564 vide·
1380 2501 1382 2578 j

289 2593 551 2674 turPsomrnurn
572 2609 671 2672 super
686 2589 741 2665 ¹his
762 2589 950 2670 pontificem
972 2593 1156 2668 consulere,
1177 2583 1315 2669 quanin
1380 2601 1382 2652 ss

244 2723 249 2734 .
289 2697 326 2742 re
355 2694 422 2740 tom
450 2675 602 2757 ambigua
635 2674 831 2738 senteutiam
864 2675 1087 2758 praecipitare.
1145 2673 1204 2739 Ad
1231 2670 1314 2754 quaet
1380 2697 1381 2756 J

290 2763 347 2843 qui
370 2763 499 2824 Romae
523 2775 683 2824 venerant
704 2759 865 2840 episcopi,
893 2762 1110 2842 respondere:
1143 2779 1227 2840 quae
1247 2751 1314 2818 dixi·

287 2864 375 2921 mus,
398 2843 545 2919 dicimus,
568 2866 652 2926 quae
674 2844 779 2926 testati
799 2841 924 2920 sumus,
945 2847 1194 2922 confirmamus,
1216 2841 1332 2922 tuqus
1375 2864 1378 2875 ¹

289 2931 340 2994 lris
371 2927 524 2992 omnibus
554 2928 749 3010 spostolicae
777 2925 862 2993 sedis
896 2931 1135 3008 testimonium,
1176 2928 1203 2992 si
1227 2921 1312 2988 nobis
1381 2983 1382 2986 ,

288 3035 361 3089 troo.
389 3013 508 3090 credis,
543 3016 755 3096 appellamus.
801 3017 905 3096 Super
931 3017 1013 3080 haec
1040 3035 1177 3097 quoque
1203 3009 1258 3076 tibi
1275 3023 1312 3072 ex

287 3105 385 3185 parte
403 3098 528 3162 domini
551 3121 670 3184 papae,
692 3099 749 3180 qui
770 3097 833 3162 hoc
852 3101 963 3179 jussit,
991 3101 1227 3170 denunciamus
1247 3112 1312 3174 qua·

287 3201 386 3262 tenus
415 3186 551 3248 consilio
574 3202 691 3265 nostro
722 3199 752 3247 ts
781 3183 862 3246 nihil
891 3181 1052 3250 haesitans
1081 3187 1203 3260 credas,
1236 3175 1312 3260 quia,

246 3297 250 3330 ι
287 3271 372 3334 dum.
399 3272 512 3346 voles,
550 3290 612 3332 nos
640 3285 766 3352 paratos
800 3269 935 3332 habebis
956 3271 1063 3353 reipsa
1088 3273 1242 3353 probare,
1266 3259 1311 3324 hii

287 3373 373 3438 quae
398 3354 648 3431 dicimus,.nihil
671 3346 862 3435 duplicitatis
883 3355 1003 3434 inesse.
1045 3355 1097 3422 At
1116 3356 1188 3434 ille:
1210 3351 1310 3414 adver·
1380 3431 1381 3436 ἵ

255 3441 341 3504 isus
372 3459 422 3516 ea,
457 3461 542 3520 quae
578 3435 726 3512 asseritis,
757 3437 830 3502 lites
858 3459 1032 3506 conserere
1054 3443 1146 3513 nolo.
1186 3438 1308 3500 verum

287 3526 366 3606 quis
390 3525 496 3588 sentio
520 3547 561 3595 ex
583 3524 643 3586 illis
653 3567 663 3598 ,
694 3543 778 3602 quae
801 3509 925 3602 auditu.
942 3527 1096 3594 secretius
1120 3522 1235 3596 didici,
1261 3523 1309 3578 voi

174 3599 179 3621 ‘
281 3609 447 3701 ⁹luntatem
469 3629 642 3692 procerum
663 3607 784 3670 inhoc
803 3629 904 3672 unam
931 3611 1055 3692 factam·
1069 3631 1160 3686 esse,
1190 3602 1307 3670 scilicets

285 3711 322 3757 ut
350 3695 378 3758 si
406 3717 466 3760 rex
491 3693 697 3758 investituras
725 3694 951 3772 ecclesiarum,
984 3695 1066 3760 sicut
1095 3717 1132 3762 se
1160 3695 1308 3758 factumn

285 3779 445 3854 minatur,
462 3778 610 3854 dederit,
630 3779 706 3844 licet
725 3779 760 3840 id
782 3800 835 3842 me
857 3800 920 3842 nec
942 3775 1142 3866 approbante
1162 3797 1224 3841 nec
1243 3788 1308 3864 ⁶01¹}

224 3925 227 3931 .
285 3866 450 3929 sentiente
476 3863 588 3940 faciet,
617 3883 680 3946 ego
708 3885 804 3928 causa
832 3865 941 3942 vestri,
968 3887 1031 3930 nec
1051 3866 1141 3932 danti
1161 3883 1222 3926 nec
1241 3871 1308 3922 κοῦ
1380 3943 1382 3950 Α

286 3951 408 4032 pienti,
434 3971 562 4014 meam
598 3949 690 4029 quasi
724 3951 1014 4017 ercommuuicatis
1036 3945 1305 4034 communione?
1380 3963 1382 4010 f

195 4078 200 4086 »
286 4035 492 4114 suburbano,
512 4036 632 4102 donec
650 4035 788 4123 nimrim*
803 4054 979 4122 ‘quos-pro
998 4034 1123 4124 negoti
1141 4024 1306 4166 bullii}
1380 4027 1382 4086 ἱ

230 4139 231 4146 ’
286 4153 292 4166 ¹
374 4154 379 4178 ι
546 4178 550 4184 ,
687 4162 689 4170 ·
1034 4141 1036 4146 “
1168 4127 1286 4180 eusswss
1329 4175 1331 4182 ,
