2788 4854
261 457 339 516 202

251 621 405 693 'ktdicto
419 619 738 698 sititMoetinsntet
764 641 896 706 etnsum
921 614 1100 703 arripiunt,
1131 639 1305 690 assensum
1392 589 1393 592 Ἴ

259 715 520 792 praeo'cwpautt
552 727 587 776 et
612 711 859 778 commonendo
884 710 954 788 jam
984 708 1066 770 alins
1092 710 1192 772 alium
1215 732 1305 790 prae-

260 793 426 859 veniebat.
468 795 679 875 Itaqueiam
699 795 795 854 multi
817 793 1049 868 ascenderant,
1077 795 1172 858 multi
1193 797 1303 858 adhuc
1392 823 1393 850 1

148 897 153 904 '
254 880 499 956 mandebant,
532 899 609 942 cum
638 879 695 960 qui
722 879 758 940 in
775 880 928 945 ⁴turribus
955 897 989 942 et
1009 879 1045 940 in
1066 879 1134 940 aliis
1157 881 1306 946 moenio.

258 985 335 1028 rum
356 981 448 1028 erant
468 963 740 1047 propugnaculis,
773 965 910 1028 vocibus
933 965 1077 1026 altisonis
1098 965 1303 1032 uclamave·
1392 975 1393 978 ’

258 1064 347 1120 runt,
387 1051 650 1132 occupaverunt
670 1049 768 1112 etiarn
791 1063 894 1112 turres
916 1051 1011 1124 alias,
1041 1064 1075 1113 et
1093 1050 1162 1130 jam
1183 1052 1304 1118 discur-

257 1137 376 1199 rebant
395 1151 611 1216 personantes
631 1154 692 1216 per
711 1154 824 1198 muros
845 1150 880 1198 et
900 1131 1035 1215 plateas.
1072 1136 1303 1233 Quotcunque

253 1239 343 1284 ¹vero
364 1219 509 1302 reperire
529 1236 689 1302 poterant,
710 1221 929 1294 trucidabant;
950 1237 984 1284 et
1005 1220 1132 1283 nemini
1153 1221 1303 1286 obvianti

257 1309 445 1386 parcebam.
487 1305 589 1370 Cives
611 1306 702 1370 enim
723 1307 781 1368 vir
803 1305 1024 1386 expergefacti
1041 1321 1074 1368 et
1092 1307 1199 1368 adhuc
1215 1327 1304 1370 som·

211 1417 234 1493 χ·
256 1391 400 1463 nolenti3
431 1388 597 1454 laboribus
619 1391 710 1454 enim
731 1393 853 1472 longae
875 1391 1058 1452 obsidionis
1080 1391 1219 1473 fatigati,
1249 1413 1301 1456 su·
1389 1461 1392 1468 ,

256 1475 329 1558 pini
348 1475 561 1548 deficiebants
592 1493 665 1540 tem
686 1477 890 1559 ignorantes,
918 1477 1039 1538 domos
1059 1495 1134 1540 suas
1156 1478 1301 1542 inermes

257 1561 412 1634 exibants
430 1576 464 1623 et
484 1579 604 1636 somno
626 1578 661 1626 et
681 1583 766 1624 sono
783 1561 994 1628 clamantium
1011 1562 1194 1642 stupefacti,
1213 1561 1301 1633 cauti

252 1643 395 1710 incautis
415 1649 642 1724 occursabant3
673 1663 710 1710 et
730 1667 807 1710 suos
829 1667 903 1714 esse
924 1662 1110 1728 sperantes,
1149 1647 1307 1725 Christis„

147 1728 174 1816 ⁸¹
253 1748 338 1804 nos,
370 1751 409 1793 ac
434 1732 465 1792 si
492 1752 588 1807 snos,
622 1735 866 1796 convocabante
899 1732 947 1794 illi
974 1748 1087 1796 autem
1107 1732 1300 1814 ubicunque
1392 1775 1393 1778 =

254 1817 489 1889 obviabantur,
521 1832 678 1898 tanquam
700 1839 783 1880 oves
804 1819 1080 1899 procumbebant,
1112 1834 1146 1881 et
1166 1821 1300 1882 obtrun-

256 1903 422 1966 cabantur.
454 1905 553 1966 Tunc
574 1904 684 1979 etiam,
703 1904 849 1976 fortuitu,
871 1919 1027 1968 mactatus
1049 1918 1099 1964 est
1119 1903 1201 1966 Pirri
1222 1926 1299 1968 cou·
1383 1909 1393 1934 ‘³

223 1987 379 2054 ,terinus
399 1990 508 2050 frater.
552 1991 652 2057 Tales
679 2005 772 2062 sunt,
808 2009 906 2050 caeca
934 2003 968 2050 et
995 1987 1192 2069 intempesta
1216 2011 1297 2066 nox,

158 2133 163 2139 .
250 2071 303 2134 tui
316 2092 468 2147 eventus,
490 2076 570 2136 tales
582 2089 668 2148 sunt,
690 2074 790 2136 horae
804 2074 1014 2155 caliginosae,
1037 2091 1163 2136 vestrae
1178 2077 1297 2140 tumul-
1392 2125 1393 2128 η

254 2157 437 2221 tunsiones!
480 2161 616 2220 Interea
639 2173 847 2224 tantuserat
875 2181 934 2240 per
961 2159 1082 2220 scalam
1108 2161 1298 2240 repentium

254 2261 449 2316 concursus,
476 2259 514 2305 ut
533 2244 604 2324 ipsa
625 2245 709 2306 scala
732 2243 893 2309 dissiliens
917 2243 1166 2306 dissolveretur:
1203 2246 1298 2324 quod

252 2343 288 2388 et
310 2328 351 2388 ad
371 2328 498 2390 luctum
518 2345 553 2392 et
574 2330 617 2391 ad
637 2332 793 2411 magnum
810 2329 1089 2409 impedimentum
1106 2329 1296 2392 Christianis
1391 2377 1393 2392 ε

231 2407 425 2486 accidisse,
453 2431 556 2476 nemo
583 2413 657 2478 sant
681 2413 792 2494 capitis
821 2415 1001 2484 dubitabat.
1043 2414 1230 2498 Phalanges
1259 2415 1298 2477 si·
1392 2447 1393 2492 3

252 2497 389 2583 quidem
408 2499 623 2574 Francorum,
642 2499 753 2560 risum
774 2515 908 2580 propter
928 2516 1040 2560 muros
1062 2497 1212 2562 aderant:
1234 2502 1295 2564 sed
1387 2509 1393 2584 l

250 2583 301 2646 eis
328 2584 386 2662 qui
413 2605 543 2646 sursum
571 2598 606 2648 et
632 2581 720 2646 intus
742 2588 950 2666 pugnabant,
982 2585 1113 2646 nullum
1134 2584 1294 2648 auxilium

250 2669 421 2748 conferres
437 2684 598 2748 poteraut.
659 2670 741 2732 Orta
773 2687 824 2732 est
854 2667 952 2752 igitur
982 2669 1030 2729 ibi
1060 2689 1130 2732 non
1162 2669 1296 2734 modica
1357 2739 1361 2756 ι
1392 2699 1393 2712 ¹

180 2788 183 2794 ·
251 2753 385 2815 tristitia.
427 2755 507 2814 Erat
527 2772 638 2816 autem
659 2771 729 2815 non
752 2757 865 2834 procul
889 2778 915 2820 a,
929 2756 1015 2816 scala
1036 2753 1200 2833 quaedam
1221 2777 1294 2836 por·

250 2850 300 2912 ta,
337 2857 437 2916 quam
464 2840 629 2900 retroactis
657 2837 773 2901 diebus
803 2839 976 2904 Christiani
1008 2841 1216 2922 explorantes
1250 2839 1294 2903 vi·

213 2951 222 2978 t
250 2924 387 2984 derant·
417 2923 517 2984 Hanc
540 2945 558 2984 a
579 2924 705 2986 sinistra
727 2943 817 3004 parte
840 2926 1009 3005 palpantes
1032 2925 1236 3002 invenerunt
1257 2940 1291 2990 et

248 3003 318 3086 ipsa
341 3007 663 3087 stacta,'quantocius
686 3008 823 3090 ingressi
844 3027 921 3072 sunt
962 3013 1061 3087 Tunc
1078 3011 1292 3091 majonexorss

248 3107 302 3155 tus
330 3110 379 3155 est
406 3095 528 3174 fragor,
566 3110 601 3158 et
628 3095 761 3156 uberior
789 3094 951 3158 succrevit
978 3093 1166 3158 Christianis
1198 3095 1292 3158 dimi·
1392 3157 1393 3162 ,

248 3179 344 3243 candi
367 3179 511 3252 occasio;
532 3179 715 3260 Turcisque
736 3200 856 3242 somno
881 3181 1028 3258 vinoque
1050 3181 1196 3261 sepultis,
1219 3202 1290 3244 cru·
1391 3189 1393 3202 '

176 3275 184 3286 ·
247 3263 354 3326 delior
380 3263 480 3326 necis.
499 3264 637 3327 obvenit
665 3267 822 3346 angustia.
866 3265 1015 3328 Gentiles
1036 3264 1185 3326 illi-dum
1207 3266 1291 3349 peri·
1382 3319 1385 3326 ,

199 3407 205 3410 ,
247 3349 359 3426 culum
398 3346 576 3412 imminens
619 3349 768 3430 effugere
811 3350 957 3422 vellent,
1007 3349 1218 3432 impegerunt
1253 3351 1296 3416 in'

247 3433 463 3506 Christianos3
500 3449 534 3496 et
555 3434 716 3516 impetum
738 3435 861 3498 evitare
882 3449 1082 3515 satagentes,
1115 3435 1196 3497 dum
1216 3453 1290 3500 nes·

245 3517 345 3592 ciunt,
366 3520 402 3579 in
421 3519 632 3601 repentinum
658 3519 850 3583 ceciderunt
871 3521 982 3580 mortis
1005 3517 1189 3594 discrimen.
1349 3587 1354 3600 ,
1392 3533 1393 3536 ’

331 3606 563 3683 Boamundus,
597 3603 755 3684 quoniam
783 3605 894 3687 animo
922 3604 1069 3688 cupienti
1097 3605 1179 3668 nihil
1211 3605 1285 3672 satis

219 3687 429 3770 destinatur:
462 3709 627 3752 morarum
650 3690 841 3772 impatiens,
874 3691 1034 3752 vexillum
1056 3708 1155 3760 suum
1177 3691 1288 3756 efferri
1337 3713 1341 3717 ·
1388 3727 1393 3739 ν

111 3777 113 3780 ’
244 3775 413 3836 mandavit
440 3775 652 3847 inffcivitatet
681 3792 714 3838 et
742 3773 893 3838 collocari
922 3791 1036 3837 contra
1056 3774 1306 3856 municipium,-

241 3860 334 3938 quod
357 3877 424 3922 erat
445 3860 480 3922 in
501 3863 602 3934 urbe,
633 3860 669 3920 in
696 3859 823 3926 editiori
851 3861 948 3922 colle.
990 3863 1099 3924 Tanto
1121 3860 1285 3940 siquidem
1378 3874 1380 3884 '

236 3943 399 4009 examine
425 3947 543 4008 urbem
573 3943 765 4008 introierant
790 3946 927 4019 Franci,
960 3945 1119 4026 gentique
1150 3945 1198 4008 illi
1230 3947 1285 4008 cir-

215 4071 222 4078 ·
242 4029 406 4094 concisae
427 4031 688 4114 praevaluerant,
708 4047 745 4098 ut
756 4031 941 4103 innumeris
961 4029 1175 4114 interemptis,
1196 4032 1285 4178 quidl-

1204 4136 1263 4200 qut
