<?xml version="1.0" encoding="UTF-8"?>
<!DOCTYPE html PUBLIC "-//W3C//DTD XHTML 1.0 Transitional//EN"
    "http://www.w3.org/TR/xhtml1/DTD/xhtml1-transitional.dtd">
<html xmlns="http://www.w3.org/1999/xhtml" xml:lang="en" lang="en">
 <head>
  <title>
</title>
<meta http-equiv="Content-Type" content="text/html;charset=utf-8" />
  <meta name='ocr-system' content='tesseract 3.04.00' />
  <meta name='ocr-capabilities' content='ocr_page ocr_carea ocr_par ocr_line ocrx_word'/>
</head>
<body>
  <div class='ocr_page' id='page_1' title='image "./handbuchmerkwrd00raumgoog_0157.png"; bbox 0 0 2808 4856; ppageno 0'>
   <div class='ocr_carea' id='block_1_1' title="bbox 176 347 447 478">
    <p class='ocr_par' dir='ltr' id='par_1_1' title="bbox 176 347 447 478">
     <span class='ocr_line' id='line_1_1' title="bbox 176 347 447 478; baseline 0.011 -51"><span class='ocrx_word' id='word_1_1' title='bbox 176 347 196 408; x_wconf 78' lang='lat'>.&#39;</span> <span class='ocrx_word' id='word_1_2' title='bbox 278 351 356 478; x_wconf 71' lang='grc' dir='ltr'>ιὸο</span> <span class='ocrx_word' id='word_1_3' title='bbox 446 379 447 389; x_wconf 74' lang='grc'>’</span> 
     </span>
    </p>
   </div>
   <div class='ocr_carea' id='block_1_2' title="bbox 181 483 1369 707">
    <p class='ocr_par' dir='ltr' id='par_1_2' title="bbox 181 483 1369 707">
     <span class='ocr_line' id='line_1_2' title="bbox 281 483 1369 637; baseline -0.011 -32"><span class='ocrx_word' id='word_1_4' title='bbox 281 537 369 606; x_wconf 79' lang='lat' dir='ltr'>dam</span> <span class='ocrx_word' id='word_1_5' title='bbox 384 521 631 637; x_wconf 68' lang='lat' dir='ltr'>profectionem</span> <span class='ocrx_word' id='word_1_6' title='bbox 647 535 758 603; x_wconf 87' lang='lat' dir='ltr'>Deo</span> <span class='ocrx_word' id='word_1_7' title='bbox 745 553 815 636; x_wconf 80' lang='lat' dir='ltr'>Jam</span> <span class='ocrx_word' id='word_1_8' title='bbox 838 532 923 614; x_wconf 88' lang='lat' dir='ltr'>olim·</span> <span class='ocrx_word' id='word_1_9' title='bbox 940 483 1175 602; x_wconf 77' lang='lat' dir='ltr'>devoverant-r</span> <span class='ocrx_word' id='word_1_10' title='bbox 1198 530 1259 598; x_wconf 81' lang='lat' dir='ltr'>sed</span> <span class='ocrx_word' id='word_1_11' title='bbox 1279 550 1334 613; x_wconf 87' lang='lat' dir='ltr'>pro</span> <span class='ocrx_word' id='word_1_12' title='bbox 1365 539 1369 545; x_wconf 86' lang='grc'><em>“</em></span> 
     </span>
     <span class='ocr_line' id='line_1_3' title="bbox 181 605 1334 707; baseline -0.011 -16"><span class='ocrx_word' id='word_1_13' title='bbox 181 635 184 640; x_wconf 73' lang='grc'>“</span> <span class='ocrx_word' id='word_1_14' title='bbox 211 675 216 684; x_wconf 82' lang='lat'>.</span> <span class='ocrx_word' id='word_1_15' title='bbox 262 621 440 707; x_wconf 59' lang='lat' dir='ltr'>negotiis,</span> <span class='ocrx_word' id='word_1_16' title='bbox 468 637 501 688; x_wconf 88' lang='lat' dir='ltr'>et</span> <span class='ocrx_word' id='word_1_17' title='bbox 522 621 622 706; x_wconf 81' lang='lat' dir='ltr'>regni</span> <span class='ocrx_word' id='word_1_18' title='bbox 643 623 747 686; x_wconf 90' lang='lat' dir='ltr'>causis</span> <span class='ocrx_word' id='word_1_19' title='bbox 769 605 1039 703; x_wconf 78' lang='lat' dir='ltr'>impedientibus,</span> <span class='ocrx_word' id='word_1_20' title='bbox 1064 619 1247 697; x_wconf 88' lang='lat' dir='ltr'>hucusque</span> <span class='ocrx_word' id='word_1_21' title='bbox 1270 635 1334 678; x_wconf 88' lang='lat' dir='ltr'>non</span> 
     </span>
    </p>
   </div>
   <div class='ocr_carea' id='block_1_3' title="bbox 259 700 1334 808">
    <p class='ocr_par' dir='ltr' id='par_1_3' title="bbox 259 700 1334 808">
     <span class='ocr_line' id='line_1_4' title="bbox 259 700 1334 808; baseline -0.008 -36"><span class='ocrx_word' id='word_1_22' title='bbox 259 724 431 808; x_wconf 73' lang='lat' dir='ltr'>&#39;poteram</span> <span class='ocrx_word' id='word_1_23' title='bbox 452 707 622 790; x_wconf 85' lang='lat' dir='ltr'>perficere.</span> <span class='ocrx_word' id='word_1_24' title='bbox 665 705 767 772; x_wconf 82' lang='lat' dir='ltr'>Nunc</span> <span class='ocrx_word' id='word_1_25' title='bbox 795 722 906 770; x_wconf 85' lang='lat' dir='ltr'>autent</span> <span class='ocrx_word' id='word_1_26' title='bbox 935 705 999 788; x_wconf 88' lang='lat' dir='ltr'>ipsi</span> <span class='ocrx_word' id='word_1_27' title='bbox 1024 707 1107 767; x_wconf 86' lang='lat' dir='ltr'>Deo</span> <span class='ocrx_word' id='word_1_28' title='bbox 1132 723 1214 766; x_wconf 86' lang='lat' dir='ltr'>meo</span> <span class='ocrx_word' id='word_1_29' title='bbox 1237 700 1334 766; x_wconf 89' lang='lat' dir='ltr'>omni·</span> 
     </span>
    </p>
   </div>
   <div class='ocr_carea' id='block_1_4' title="bbox 114 787 1335 877">
    <p class='ocr_par' dir='ltr' id='par_1_4' title="bbox 114 787 1335 877">
     <span class='ocr_line' id='line_1_5' title="bbox 114 787 1335 877; baseline -0.009 -17"><span class='ocrx_word' id='word_1_30' title='bbox 114 853 117 860; x_wconf 93' lang='grc'><em>,</em></span> <span class='ocrx_word' id='word_1_31' title='bbox 195 815 199 828; x_wconf 71' lang='lat'><strong><em>‘</em></strong></span> <span class='ocrx_word' id='word_1_32' title='bbox 260 792 412 877; x_wconf 81' lang='lat' dir='ltr'>&#39;potenti</span> <span class='ocrx_word' id='word_1_33' title='bbox 432 793 532 858; x_wconf 81' lang='lat' dir='ltr'>valde</span> <span class='ocrx_word' id='word_1_34' title='bbox 554 791 721 856; x_wconf 87' lang='lat' dir='ltr'>humiliter</span> <span class='ocrx_word' id='word_1_35' title='bbox 741 791 858 876; x_wconf 84' lang='lat' dir='ltr'>gratias</span> <span class='ocrx_word' id='word_1_36' title='bbox 878 811 957 874; x_wconf 83' lang='lat' dir='ltr'>ago,</span> <span class='ocrx_word' id='word_1_37' title='bbox 987 791 1085 871; x_wconf 90' lang='lat' dir='ltr'>quod</span> <span class='ocrx_word' id='word_1_38' title='bbox 1107 787 1282 862; x_wconf 78' lang='lat' dir='ltr'>concessit,</span> <span class='ocrx_word' id='word_1_39' title='bbox 1302 800 1335 850; x_wconf 94' lang='lat' dir='ltr'>ut</span> 
     </span>
    </p>
   </div>
   <div class='ocr_carea' id='block_1_5' title="bbox 217 875 1361 2010">
    <p class='ocr_par' dir='ltr' id='par_1_5' title="bbox 213 875 1361 1980">
     <span class='ocr_line' id='line_1_6' title="bbox 281 875 1334 960; baseline -0.009 -18"><span class='ocrx_word' id='word_1_40' title='bbox 281 881 317 942; x_wconf 89' lang='lat' dir='ltr'>ln</span> <span class='ocrx_word' id='word_1_41' title='bbox 345 878 413 941; x_wconf 83' lang='lat' dir='ltr'>vita</span> <span class='ocrx_word' id='word_1_42' title='bbox 440 895 517 942; x_wconf 83' lang='lat' dir='ltr'>tnea</span> <span class='ocrx_word' id='word_1_43' title='bbox 544 875 668 942; x_wconf 87' lang='lat' dir='ltr'>beatos</span> <span class='ocrx_word' id='word_1_44' title='bbox 688 879 854 960; x_wconf 85' lang='lat' dir='ltr'>apostolos</span> <span class='ocrx_word' id='word_1_45' title='bbox 881 877 1039 940; x_wconf 87' lang='lat' dir='ltr'>Petrum</span> <span class='ocrx_word' id='word_1_46' title='bbox 1053 888 1088 937; x_wconf 82' lang='lat' dir='ltr'>et</span> <span class='ocrx_word' id='word_1_47' title='bbox 1102 875 1274 948; x_wconf 88' lang='lat' dir='ltr'>Paulum,</span> <span class='ocrx_word' id='word_1_48' title='bbox 1303 885 1334 936; x_wconf 90' lang='lat' dir='ltr'>et</span> 
     </span>
     <span class='ocr_line' id='line_1_7' title="bbox 280 960 1334 1044; baseline -0.009 -15"><span class='ocrx_word' id='word_1_49' title='bbox 280 983 382 1029; x_wconf 81' lang='lat' dir='ltr'>omne</span> <span class='ocrx_word' id='word_1_50' title='bbox 404 960 633 1040; x_wconf 71' lang='lat' dir='ltr'>sanctuarium,</span> <span class='ocrx_word' id='word_1_51' title='bbox 653 961 772 1044; x_wconf 86' lang='lat' dir='ltr'>quod</span> <span class='ocrx_word' id='word_1_52' title='bbox 762 977 847 1026; x_wconf 85' lang='lat' dir='ltr'>mtra</span> <span class='ocrx_word' id='word_1_53' title='bbox 862 962 980 1024; x_wconf 83' lang='lat' dir='ltr'>urbem</span> <span class='ocrx_word' id='word_1_54' title='bbox 994 962 1148 1022; x_wconf 81' lang='lat' dir='ltr'>Romam</span> <span class='ocrx_word' id='word_1_55' title='bbox 1172 975 1229 1020; x_wconf 87' lang='lat' dir='ltr'>aut</span> <span class='ocrx_word' id='word_1_56' title='bbox 1251 975 1334 1022; x_wconf 81' lang='lat' dir='ltr'>extra</span> 
     </span>
     <span class='ocr_line' id='line_1_8' title="bbox 281 1037 1334 1140; baseline -0.009 -27.817"><span class='ocrx_word' id='word_1_57' title='bbox 281 1047 462 1114; x_wconf 77' lang='lat' dir='ltr'>addiscere</span> <span class='ocrx_word' id='word_1_58' title='bbox 472 1044 576 1130; x_wconf 81' lang='lat' dir='ltr'>potui,</span> <span class='ocrx_word' id='word_1_59' title='bbox 598 1064 756 1140; x_wconf 79' lang='lat' dir='ltr'>expetere</span> <span class='ocrx_word' id='word_1_60' title='bbox 777 1048 876 1112; x_wconf 86' lang='lat' dir='ltr'>valde</span> <span class='ocrx_word' id='word_1_61' title='bbox 897 1046 978 1110; x_wconf 86' lang='lat' dir='ltr'>utile</span> <span class='ocrx_word' id='word_1_62' title='bbox 1001 1047 1181 1110; x_wconf 79' lang='lat' dir='ltr'><strong>ducerem.</strong></span> <span class='ocrx_word' id='word_1_63' title='bbox 1226 1037 1271 1105; x_wconf 86' lang='lat' dir='ltr'>Sit&#39;</span> <span class='ocrx_word' id='word_1_64' title='bbox 1288 1063 1334 1103; x_wconf 84' lang='lat' dir='ltr'>ao·</span> 
     </span>
     <span class='ocr_line' id='line_1_9' title="bbox 281 1128 1332 1234; baseline -0.007 -34"><span class='ocrx_word' id='word_1_65' title='bbox 281 1136 350 1200; x_wconf 85' lang='lat' dir='ltr'>&#39;tern</span> <span class='ocrx_word' id='word_1_66' title='bbox 371 1131 468 1198; x_wconf 84' lang='lat' dir='ltr'>vobis</span> <span class='ocrx_word' id='word_1_67' title='bbox 503 1148 638 1234; x_wconf 72' lang='lat' dir='ltr'>notum,</span> <span class='ocrx_word' id='word_1_68' title='bbox 676 1134 762 1214; x_wconf 85' lang='lat' dir='ltr'>quia</span> <span class='ocrx_word' id='word_1_69' title='bbox 785 1151 904 1214; x_wconf 80' lang='lat' dir='ltr'>magna</span> <span class='ocrx_word' id='word_1_70' title='bbox 939 1129 1160 1214; x_wconf 80' lang='lat' dir='ltr'>congregatio</span> <span class='ocrx_word' id='word_1_71' title='bbox 1188 1128 1332 1193; x_wconf 81' lang='lat' dir='ltr'>fidelium</span> 
     </span>
     <span class='ocr_line' id='line_1_10' title="bbox 281 1206 1331 1316; baseline -0.006 -34"><span class='ocrx_word' id='word_1_72' title='bbox 281 1217 460 1293; x_wconf 80' lang='lat' dir='ltr'>nobilium,</span> <span class='ocrx_word' id='word_1_73' title='bbox 488 1214 554 1282; x_wconf 87' lang='lat' dir='ltr'>in&#39;</span> <span class='ocrx_word' id='word_1_74' title='bbox 545 1237 616 1300; x_wconf 88' lang='lat' dir='ltr'>rpsa</span> <span class='ocrx_word' id='word_1_75' title='bbox 636 1217 779 1316; x_wconf 80' lang='lat' dir='ltr'>paschali</span> <span class='ocrx_word' id='word_1_76' title='bbox 800 1215 995 1282; x_wconf 78' lang='lat' dir='ltr'>solennitate</span> <span class='ocrx_word' id='word_1_77' title='bbox 1017 1215 1068 1280; x_wconf 84' lang='lat' dir='ltr'>ibi</span> <span class='ocrx_word' id='word_1_78' title='bbox 1091 1235 1190 1278; x_wconf 88' lang='lat' dir='ltr'>cum</span> <span class='ocrx_word' id='word_1_79' title='bbox 1200 1206 1331 1276; x_wconf 81' lang='lat' dir='ltr'>domiuo</span> 
     </span>
     <span class='ocr_line' id='line_1_11' title="bbox 283 1299 1331 1396; baseline -0.007 -29"><span class='ocrx_word' id='word_1_80' title='bbox 283 1325 378 1386; x_wconf 87' lang='lat' dir='ltr'>papa,</span> <span class='ocrx_word' id='word_1_81' title='bbox 402 1318 435 1367; x_wconf 90' lang='lat' dir='ltr'>et</span> <span class='ocrx_word' id='word_1_82' title='bbox 457 1299 645 1366; x_wconf 89' lang='lat' dir='ltr'>Conrado</span> <span class='ocrx_word' id='word_1_83' title='bbox 636 1317 833 1385; x_wconf 78' lang='lat' dir='ltr'>imperatore</span> <span class='ocrx_word' id='word_1_84' title='bbox 856 1317 933 1377; x_wconf 83' lang='lat' dir='ltr'>erat,</span> <span class='ocrx_word' id='word_1_85' title='bbox 959 1301 1086 1364; x_wconf 87' lang='lat' dir='ltr'>scilicet</span> <span class='ocrx_word' id='word_1_86' title='bbox 1109 1313 1231 1362; x_wconf 88' lang='lat' dir='ltr'>omnes</span> <span class='ocrx_word' id='word_1_87' title='bbox 1251 1299 1331 1396; x_wconf 75' lang='lat' dir='ltr'>prirp</span> 
     </span>
     <span class='ocr_line' id='line_1_12' title="bbox 236 1382 1329 1470; baseline -0.002 -20"><span class='ocrx_word' id='word_1_88' title='bbox 236 1387 242 1394; x_wconf 81' lang='grc'><em>“</em></span> <span class='ocrx_word' id='word_1_89' title='bbox 284 1389 372 1469; x_wconf 82' lang='lat' dir='ltr'>cipes</span> <span class='ocrx_word' id='word_1_90' title='bbox 393 1390 564 1470; x_wconf 77' lang='lat' dir='ltr'>gentium</span> <span class='ocrx_word' id='word_1_91' title='bbox 567 1410 586 1451; x_wconf 88' lang='lat' dir='ltr'>a</span> <span class='ocrx_word' id='word_1_92' title='bbox 607 1404 722 1453; x_wconf 86' lang='lat' dir='ltr'>monte</span> <span class='ocrx_word' id='word_1_93' title='bbox 745 1391 898 1470; x_wconf 81' lang='lat' dir='ltr'>Gargano</span> <span class='ocrx_word' id='word_1_94' title='bbox 921 1405 1028 1466; x_wconf 83' lang='lat' dir='ltr'>usque</span> <span class='ocrx_word' id='word_1_95' title='bbox 1053 1387 1103 1448; x_wconf 86' lang='lat' dir='ltr'>ad</span> <span class='ocrx_word' id='word_1_96' title='bbox 1120 1385 1212 1448; x_wconf 88' lang='lat' dir='ltr'>istud</span> <span class='ocrx_word' id='word_1_97' title='bbox 1234 1382 1329 1464; x_wconf 76' lang='lat' dir='ltr'>proxi</span> 
     </span>
     <span class='ocr_line' id='line_1_13' title="bbox 284 1469 1361 1574; baseline -0.002 -40"><span class='ocrx_word' id='word_1_98' title='bbox 284 1491 376 1534; x_wconf 89' lang='lat' dir='ltr'>mum</span> <span class='ocrx_word' id='word_1_99' title='bbox 406 1493 512 1538; x_wconf 75' lang='lat' dir='ltr'>mares</span> <span class='ocrx_word' id='word_1_100' title='bbox 531 1471 606 1574; x_wconf 31' lang='lat' dir='ltr'>‘qui</span> <span class='ocrx_word' id='word_1_101' title='bbox 633 1491 751 1538; x_wconf 81' lang='lat' dir='ltr'>omnes</span> <span class='ocrx_word' id='word_1_102' title='bbox 778 1495 834 1538; x_wconf 90' lang='lat' dir='ltr'>me</span> <span class='ocrx_word' id='word_1_103' title='bbox 862 1487 898 1536; x_wconf 89' lang='lat' dir='ltr'>et</span> <span class='ocrx_word' id='word_1_104' title='bbox 926 1469 1116 1535; x_wconf 87' lang='lat' dir='ltr'>honorifice</span> <span class='ocrx_word' id='word_1_105' title='bbox 1149 1489 1329 1550; x_wconf 85' lang='lat' dir='ltr'>suscepere,</span> <span class='ocrx_word' id='word_1_106' title='bbox 1353 1532 1361 1550; x_wconf 25' lang='grc' dir='ltr'>κ</span> 
     </span>
     <span class='ocr_line' id='line_1_14' title="bbox 284 1555 1327 1640; baseline -0.006 -19.446"><span class='ocrx_word' id='word_1_107' title='bbox 284 1573 318 1621; x_wconf 87' lang='lat' dir='ltr'>et</span> <span class='ocrx_word' id='word_1_108' title='bbox 340 1557 434 1620; x_wconf 90' lang='lat' dir='ltr'>donis</span> <span class='ocrx_word' id='word_1_109' title='bbox 455 1557 606 1640; x_wconf 82' lang='lat' dir='ltr'>pretiosis</span> <span class='ocrx_word' id='word_1_110' title='bbox 619 1574 663 1622; x_wconf 76' lang='lat' dir='ltr'>tet</span> <span class='ocrx_word' id='word_1_111' title='bbox 684 1557 875 1621; x_wconf 90' lang='lat' dir='ltr'>muneribus</span> <span class='ocrx_word' id='word_1_112' title='bbox 898 1555 994 1620; x_wconf 84' lang='lat' dir='ltr'>variis</span> <span class='ocrx_word' id='word_1_113' title='bbox 1016 1557 1247 1638; x_wconf 82' lang='lat' dir='ltr'>honoravere,</span> <span class='ocrx_word' id='word_1_114' title='bbox 1270 1573 1327 1615; x_wconf 85' lang='lat' dir='ltr'>tarn</span> 
     </span>
     <span class='ocr_line' id='line_1_15' title="bbox 283 1631 1328 1726; baseline -0.002 -22"><span class='ocrx_word' id='word_1_115' title='bbox 283 1641 319 1704; x_wconf 91' lang='lat' dir='ltr'>in</span> <span class='ocrx_word' id='word_1_116' title='bbox 340 1641 425 1705; x_wconf 85' lang='lat' dir='ltr'>vasis</span> <span class='ocrx_word' id='word_1_117' title='bbox 448 1643 553 1708; x_wconf 82' lang='lat' dir='ltr'>aureis</span> <span class='ocrx_word' id='word_1_118' title='bbox 574 1657 611 1706; x_wconf 83' lang='lat' dir='ltr'>et</span> <span class='ocrx_word' id='word_1_119' title='bbox 630 1640 803 1726; x_wconf 85' lang='lat' dir='ltr'>argenteis,</span> <span class='ocrx_word' id='word_1_120' title='bbox 827 1643 927 1723; x_wconf 83' lang='lat' dir='ltr'>quain</span> <span class='ocrx_word' id='word_1_121' title='bbox 949 1639 985 1704; x_wconf 92' lang='lat' dir='ltr'>in</span> <span class='ocrx_word' id='word_1_122' title='bbox 1005 1631 1144 1723; x_wconf 78' lang='lat' dir='ltr'>palliis</span> <span class='ocrx_word' id='word_1_123' title='bbox 1134 1657 1170 1705; x_wconf 86' lang='lat' dir='ltr'>et</span> <span class='ocrx_word' id='word_1_124' title='bbox 1188 1640 1328 1704; x_wconf 84' lang='lat' dir='ltr'>vestibus</span> 
     </span>
     <span class='ocr_line' id='line_1_16' title="bbox 283 1721 1350 1812; baseline -0.006 -24"><span class='ocrx_word' id='word_1_125' title='bbox 283 1725 381 1790; x_wconf 84' lang='lat' dir='ltr'>valde</span> <span class='ocrx_word' id='word_1_126' title='bbox 405 1727 566 1808; x_wconf 84' lang='lat' dir='ltr'>pretiosis.</span> <span class='ocrx_word' id='word_1_127' title='bbox 615 1721 793 1810; x_wconf 84' lang='lat' dir='ltr'>Loquutus</span> <span class='ocrx_word' id='word_1_128' title='bbox 814 1747 887 1790; x_wconf 88' lang='lat' dir='ltr'>sum</span> <span class='ocrx_word' id='word_1_129' title='bbox 910 1746 988 1810; x_wconf 81' lang='lat' dir='ltr'>ergo</span> <span class='ocrx_word' id='word_1_130' title='bbox 1011 1747 1092 1794; x_wconf 82' lang='lat' dir='ltr'>cum</span> <span class='ocrx_word' id='word_1_131' title='bbox 1117 1725 1286 1812; x_wconf 84' lang='lat' dir='ltr'>domino</span> <span class='ocrx_word' id='word_1_132' title='bbox 1278 1745 1326 1786; x_wconf 88' lang='grc' dir='ltr'>ιιιι</span> <span class='ocrx_word' id='word_1_133' title='bbox 1345 1761 1350 1781; x_wconf 86' lang='lat' dir='ltr'>t</span> 
     </span>
     <span class='ocr_line' id='line_1_17' title="bbox 217 1804 1327 1895; baseline -0.005 -20"><span class='ocrx_word' id='word_1_134' title='bbox 217 1886 220 1894; x_wconf 28' lang='lat'>¹</span> <span class='ocrx_word' id='word_1_135' title='bbox 282 1826 444 1894; x_wconf 81' lang='lat' dir='ltr'>peratore,</span> <span class='ocrx_word' id='word_1_136' title='bbox 466 1828 500 1876; x_wconf 88' lang='lat' dir='ltr'>et</span> <span class='ocrx_word' id='word_1_137' title='bbox 520 1811 660 1876; x_wconf 86' lang='lat' dir='ltr'>domino</span> <span class='ocrx_word' id='word_1_138' title='bbox 681 1833 775 1895; x_wconf 85' lang='lat' dir='ltr'>papa,</span> <span class='ocrx_word' id='word_1_139' title='bbox 799 1829 832 1877; x_wconf 86' lang='lat' dir='ltr'>et</span> <span class='ocrx_word' id='word_1_140' title='bbox 852 1811 1081 1894; x_wconf 87' lang='lat' dir='ltr'>principlbus,</span> <span class='ocrx_word' id='word_1_141' title='bbox 1087 1813 1150 1893; x_wconf 87' lang='lat' dir='ltr'>qui</span> <span class='ocrx_word' id='word_1_142' title='bbox 1168 1809 1213 1874; x_wconf 92' lang='lat' dir='ltr'>ibi</span> <span class='ocrx_word' id='word_1_143' title='bbox 1233 1804 1327 1885; x_wconf 75' lang='lat' dir='ltr'>erant,</span> 
     </span>
     <span class='ocr_line' id='line_1_18' title="bbox 282 1895 1325 2010; baseline -0.005 -52"><span class='ocrx_word' id='word_1_144' title='bbox 282 1896 326 1961; x_wconf 80' lang='lat' dir='ltr'>ds</span> <span class='ocrx_word' id='word_1_145' title='bbox 347 1895 589 1962; x_wconf 77' lang='lat' dir='ltr'>necessitatibus</span> <span class='ocrx_word' id='word_1_146' title='bbox 611 1898 717 1960; x_wconf 88' lang='lat' dir='ltr'>totius·</span> <span class='ocrx_word' id='word_1_147' title='bbox 731 1897 848 1980; x_wconf 88' lang='lat' dir='ltr'>populi</span> <span class='ocrx_word' id='word_1_148' title='bbox 878 1896 956 1970; x_wconf 84' lang='lat' dir='ltr'>mei,</span> <span class='ocrx_word' id='word_1_149' title='bbox 979 1912 1045 1958; x_wconf 85' lang='lat' dir='ltr'>tarn</span> <span class='ocrx_word' id='word_1_150' title='bbox 1069 1897 1198 2010; x_wconf 85' lang='lat' dir='ltr'>Angli,</span> <span class='ocrx_word' id='word_1_151' title='bbox 1234 1914 1325 1992; x_wconf 69' lang='lat' dir='ltr'>quam</span> 
     </span>
    </p>
   </div>
   <div class='ocr_carea' id='block_1_6' title="bbox 135 1975 1326 2064">
    <p class='ocr_par' dir='ltr' id='par_1_6' title="bbox 135 1975 1326 2064">
     <span class='ocr_line' id='line_1_19' title="bbox 135 1975 1326 2064; baseline -0.006 -17"><span class='ocrx_word' id='word_1_152' title='bbox 135 2024 138 2037; x_wconf 58' lang='grc' dir='ltr'>ι</span> <span class='ocrx_word' id='word_1_153' title='bbox 190 2023 192 2028; x_wconf 68' lang='lat'>,</span> <span class='ocrx_word' id='word_1_154' title='bbox 263 1976 388 2058; x_wconf 49' lang='lat' dir='ltr'>mani,</span> <span class='ocrx_word' id='word_1_155' title='bbox 409 1994 447 2044; x_wconf 87' lang='lat' dir='ltr'>ut</span> <span class='ocrx_word' id='word_1_156' title='bbox 466 1979 515 2045; x_wconf 86' lang='lat' dir='ltr'>eis</span> <span class='ocrx_word' id='word_1_157' title='bbox 537 1977 774 2046; x_wconf 71' lang='lat' dir='ltr'>concederetur</span> <span class='ocrx_word' id='word_1_158' title='bbox 794 1985 849 2046; x_wconf 82' lang='lat' dir='ltr'>lex</span> <span class='ocrx_word' id='word_1_159' title='bbox 870 1979 1017 2060; x_wconf 81' lang='lat' dir='ltr'>aequior,</span> <span class='ocrx_word' id='word_1_160' title='bbox 1040 1999 1076 2046; x_wconf 89' lang='lat' dir='ltr'>et</span> <span class='ocrx_word' id='word_1_161' title='bbox 1087 1975 1164 2064; x_wconf 84' lang='lat' dir='ltr'>pax</span> <span class='ocrx_word' id='word_1_162' title='bbox 1189 1981 1326 2045; x_wconf 81' lang='lat' dir='ltr'>securior</span> 
     </span>
    </p>
   </div>
   <div class='ocr_carea' id='block_1_7' title="bbox 195 2065 1380 3427">
    <p class='ocr_par' dir='ltr' id='par_1_7' title="bbox 244 2065 1324 2488">
     <span class='ocr_line' id='line_1_20' title="bbox 281 2065 1324 2165; baseline -0.004 -37"><span class='ocrx_word' id='word_1_163' title='bbox 281 2066 317 2128; x_wconf 88' lang='lat' dir='ltr'>in</span> <span class='ocrx_word' id='word_1_164' title='bbox 339 2065 394 2130; x_wconf 82' lang='lat' dir='ltr'>via</span> <span class='ocrx_word' id='word_1_165' title='bbox 414 2068 558 2130; x_wconf 76' lang='lat' dir='ltr'>Romam</span> <span class='ocrx_word' id='word_1_166' title='bbox 580 2066 761 2165; x_wconf 80' lang='lat' dir='ltr'>adeundi,</span> <span class='ocrx_word' id='word_1_167' title='bbox 774 2081 807 2131; x_wconf 85' lang='lat' dir='ltr'>et</span> <span class='ocrx_word' id='word_1_168' title='bbox 833 2084 878 2130; x_wconf 88' lang='lat' dir='ltr'>ne</span> <span class='ocrx_word' id='word_1_169' title='bbox 906 2079 955 2129; x_wconf 90' lang='lat' dir='ltr'>tot</span> <span class='ocrx_word' id='word_1_170' title='bbox 981 2067 1132 2130; x_wconf 87' lang='lat' dir='ltr'>claustris</span> <span class='ocrx_word' id='word_1_171' title='bbox 1162 2065 1324 2162; x_wconf 78' lang='lat' dir='ltr'>perviam</span> 
     </span>
     <span class='ocr_line' id='line_1_21' title="bbox 282 2141 1322 2250; baseline -0.006 -36"><span class='ocrx_word' id='word_1_172' title='bbox 282 2164 468 2226; x_wconf 76' lang='lat' dir='ltr'>arceantur,</span> <span class='ocrx_word' id='word_1_173' title='bbox 510 2166 547 2216; x_wconf 80' lang='lat' dir='ltr'>et</span> <span class='ocrx_word' id='word_1_174' title='bbox 576 2167 711 2250; x_wconf 80' lang='lat' dir='ltr'>propter</span> <span class='ocrx_word' id='word_1_175' title='bbox 747 2147 904 2234; x_wconf 86' lang='lat' dir='ltr'>injustum</span> <span class='ocrx_word' id='word_1_176' title='bbox 943 2148 1109 2216; x_wconf 86' lang='lat' dir='ltr'>telonium</span> <span class='ocrx_word' id='word_1_177' title='bbox 1143 2141 1322 2246; x_wconf 73' lang='lat' dir='ltr'>fatigentur.</span> 
     </span>
     <span class='ocr_line' id='line_1_22' title="bbox 282 2229 1322 2331; baseline -0.005 -33"><span class='ocrx_word' id='word_1_178' title='bbox 282 2233 482 2318; x_wconf 87' lang='lat' dir='ltr'>Annuitque</span> <span class='ocrx_word' id='word_1_179' title='bbox 500 2235 702 2331; x_wconf 79' lang='lat' dir='ltr'>postulatis</span> <span class='ocrx_word' id='word_1_180' title='bbox 694 2252 886 2318; x_wconf 79' lang='lat' dir='ltr'>imperator,</span> <span class='ocrx_word' id='word_1_181' title='bbox 916 2249 949 2298; x_wconf 88' lang='lat' dir='ltr'>et</span> <span class='ocrx_word' id='word_1_182' title='bbox 971 2239 1140 2300; x_wconf 81' lang='lat' dir='ltr'>Robcrtus</span> <span class='ocrx_word' id='word_1_183' title='bbox 1164 2253 1239 2310; x_wconf 76' lang='lat' dir='ltr'>rex,</span> <span class='ocrx_word' id='word_1_184' title='bbox 1271 2229 1322 2312; x_wconf 92' lang='lat' dir='ltr'>qui</span> 
     </span>
     <span class='ocr_line' id='line_1_23' title="bbox 282 2315 1322 2404; baseline -0.001 -23"><span class='ocrx_word' id='word_1_185' title='bbox 282 2320 437 2386; x_wconf 75' lang='lat' dir='ltr'>maximis</span> <span class='ocrx_word' id='word_1_186' title='bbox 458 2319 603 2404; x_wconf 81' lang='lat' dir='ltr'>ipsarum</span> <span class='ocrx_word' id='word_1_187' title='bbox 642 2322 865 2384; x_wconf 73' lang='lat' dir='ltr'>clausurarum</span> <span class='ocrx_word' id='word_1_188' title='bbox 905 2320 1112 2396; x_wconf 86' lang='lat' dir='ltr'>dominatur,</span> <span class='ocrx_word' id='word_1_189' title='bbox 1154 2315 1322 2400; x_wconf 82' lang='lat' dir='ltr'>cunctique</span> 
     </span>
     <span class='ocr_line' id='line_1_24' title="bbox 244 2401 1321 2492; baseline -0.006 -24"><span class='ocrx_word' id='word_1_190' title='bbox 244 2443 247 2451; x_wconf 40' lang='grc' dir='ltr'>ι</span> <span class='ocrx_word' id='word_1_191' title='bbox 280 2403 444 2488; x_wconf 86' lang='lat' dir='ltr'>principes</span> <span class='ocrx_word' id='word_1_192' title='bbox 462 2401 574 2492; x_wconf 78' lang='lat' dir='ltr'>edictis</span> <span class='ocrx_word' id='word_1_193' title='bbox 591 2405 816 2482; x_wconf 71' lang='lat' dir='ltr'>firmaverunt,</span> <span class='ocrx_word' id='word_1_194' title='bbox 838 2419 874 2468; x_wconf 88' lang='lat' dir='ltr'>ut</span> <span class='ocrx_word' id='word_1_195' title='bbox 891 2405 1045 2472; x_wconf 85' lang='lat' dir='ltr'>homines</span> <span class='ocrx_word' id='word_1_196' title='bbox 1063 2407 1145 2486; x_wconf 85' lang='lat' dir='ltr'>mei,</span> <span class='ocrx_word' id='word_1_197' title='bbox 1165 2424 1232 2470; x_wconf 89' lang='lat' dir='ltr'>tam</span> <span class='ocrx_word' id='word_1_198' title='bbox 1249 2413 1321 2468; x_wconf 79' lang='lat' dir='ltr'>t‘ner</span> 
     </span>
    </p>

    <p class='ocr_par' dir='ltr' id='par_1_8' title="bbox 228 2483 1321 2580">
     <span class='ocr_line' id='line_1_25' title="bbox 228 2483 1321 2580; baseline -0.004 -26"><span class='ocrx_word' id='word_1_199' title='bbox 228 2524 232 2534; x_wconf 46' lang='lat' dir='ltr'><em>f</em></span> <span class='ocrx_word' id='word_1_200' title='bbox 282 2507 423 2568; x_wconf 86' lang='lat' dir='ltr'>catores,</span> <span class='ocrx_word' id='word_1_201' title='bbox 450 2487 549 2572; x_wconf 84' lang='lat' dir='ltr'>quam</span> <span class='ocrx_word' id='word_1_202' title='bbox 573 2492 626 2556; x_wconf 90' lang='lat' dir='ltr'>alii</span> <span class='ocrx_word' id='word_1_203' title='bbox 645 2492 764 2556; x_wconf 90' lang='lat' dir='ltr'>orandi</span> <span class='ocrx_word' id='word_1_204' title='bbox 792 2512 888 2568; x_wconf 82' lang='lat' dir='ltr'>causa</span> <span class='ocrx_word' id='word_1_205' title='bbox 909 2491 1060 2580; x_wconf 85' lang='lat' dir='ltr'>viatores,</span> <span class='ocrx_word' id='word_1_206' title='bbox 1087 2495 1215 2573; x_wconf 84' lang='lat' dir='ltr'>absque</span> <span class='ocrx_word' id='word_1_207' title='bbox 1237 2483 1321 2550; x_wconf 87' lang='lat' dir='ltr'>olnni</span> 
     </span>
    </p>

    <p class='ocr_par' dir='ltr' id='par_1_9' title="bbox 251 2565 1322 2672">
     <span class='ocr_line' id='line_1_26' title="bbox 251 2565 1322 2672; baseline -0.005 -35"><span class='ocrx_word' id='word_1_208' title='bbox 251 2603 257 2616; x_wconf 83' lang='lat'><em>,</em></span> <span class='ocrx_word' id='word_1_209' title='bbox 281 2576 412 2672; x_wconf 83' lang='lat' dir='ltr'>angaria</span> <span class='ocrx_word' id='word_1_210' title='bbox 432 2577 654 2644; x_wconf 76' lang='lat' dir='ltr'>clausurarum</span> <span class='ocrx_word' id='word_1_211' title='bbox 677 2599 725 2640; x_wconf 88' lang='lat' dir='ltr'>ac</span> <span class='ocrx_word' id='word_1_212' title='bbox 735 2565 951 2653; x_wconf 88' lang='lat' dir='ltr'>teloniorum,</span> <span class='ocrx_word' id='word_1_213' title='bbox 972 2597 1049 2639; x_wconf 86' lang='lat' dir='ltr'>curn</span> <span class='ocrx_word' id='word_1_214' title='bbox 1072 2578 1171 2654; x_wconf 83' lang='lat' dir='ltr'>firma</span> <span class='ocrx_word' id='word_1_215' title='bbox 1193 2595 1272 2658; x_wconf 84' lang='lat' dir='ltr'>pace</span> <span class='ocrx_word' id='word_1_216' title='bbox 1293 2582 1322 2634; x_wconf 91' lang='lat' dir='ltr'>et</span> 
     </span>
    </p>

    <p class='ocr_par' dir='ltr' id='par_1_10' title="bbox 195 2649 1380 2916">
     <span class='ocr_line' id='line_1_27' title="bbox 195 2649 1321 2744; baseline -0.004 -22"><span class='ocrx_word' id='word_1_217' title='bbox 195 2717 196 2722; x_wconf 73' lang='grc'>,</span> <span class='ocrx_word' id='word_1_218' title='bbox 277 2661 366 2740; x_wconf 76' lang='lat' dir='ltr'>jutta</span> <span class='ocrx_word' id='word_1_219' title='bbox 393 2657 488 2744; x_wconf 79' lang='lat' dir='ltr'>lege,</span> <span class='ocrx_word' id='word_1_220' title='bbox 523 2659 651 2727; x_wconf 76' lang='lat' dir='ltr'>securi</span> <span class='ocrx_word' id='word_1_221' title='bbox 648 2660 800 2725; x_wconf 81' lang='lat' dir='ltr'>Romam</span> <span class='ocrx_word' id='word_1_222' title='bbox 829 2663 948 2724; x_wconf 81' lang='lat' dir='ltr'>adeant</span> <span class='ocrx_word' id='word_1_223' title='bbox 974 2675 1009 2726; x_wconf 85' lang='lat' dir='ltr'>et</span> <span class='ocrx_word' id='word_1_224' title='bbox 1031 2649 1186 2727; x_wconf 82' lang='lat' dir='ltr'>redeant.</span> <span class='ocrx_word' id='word_1_225' title='bbox 1242 2655 1321 2720; x_wconf 91' lang='lat' dir='ltr'>Con·</span> 
     </span>
     <span class='ocr_line' id='line_1_28' title="bbox 252 2737 1319 2833; baseline -0.001 -26"><span class='ocrx_word' id='word_1_226' title='bbox 252 2828 256 2833; x_wconf 26' lang='grc'><strong><em>1</em></strong></span> <span class='ocrx_word' id='word_1_227' title='bbox 280 2760 416 2824; x_wconf 86' lang='lat' dir='ltr'>questus</span> <span class='ocrx_word' id='word_1_228' title='bbox 436 2763 512 2810; x_wconf 82' lang='lat' dir='ltr'>sum</span> <span class='ocrx_word' id='word_1_229' title='bbox 533 2749 652 2811; x_wconf 88' lang='lat' dir='ltr'>iterum</span> <span class='ocrx_word' id='word_1_230' title='bbox 674 2765 784 2810; x_wconf 87' lang='lat' dir='ltr'>coram</span> <span class='ocrx_word' id='word_1_231' title='bbox 801 2743 939 2809; x_wconf 89' lang='lat' dir='ltr'>domino</span> <span class='ocrx_word' id='word_1_232' title='bbox 957 2765 1051 2830; x_wconf 87' lang='lat' dir='ltr'>papa,</span> <span class='ocrx_word' id='word_1_233' title='bbox 1074 2763 1127 2826; x_wconf 81' lang='lat' dir='ltr'>et</span> <span class='ocrx_word' id='word_1_234' title='bbox 1119 2748 1229 2810; x_wconf 82' lang='lat' dir='ltr'>valdo</span> <span class='ocrx_word' id='word_1_235' title='bbox 1246 2737 1319 2806; x_wconf 87' lang='lat' dir='ltr'>mibi</span> 
     </span>
     <span class='ocr_line' id='line_1_29' title="bbox 280 2827 1380 2932; baseline -0.002 -42"><span class='ocrx_word' id='word_1_236' title='bbox 280 2827 454 2911; x_wconf 71' lang='lat' dir='ltr'>displicere</span> <span class='ocrx_word' id='word_1_237' title='bbox 483 2835 653 2907; x_wconf 77' lang='lat' dir='ltr'>causabar,</span> <span class='ocrx_word' id='word_1_238' title='bbox 687 2833 778 2930; x_wconf 80' lang='lat' dir='ltr'>quod</span> <span class='ocrx_word' id='word_1_239' title='bbox 807 2830 875 2896; x_wconf 79' lang='lat' dir='ltr'>mei</span> <span class='ocrx_word' id='word_1_240' title='bbox 897 2831 1178 2932; x_wconf 33' lang='lat' dir='ltr'>&#39;arcldepiscopi&#39;</span> <span class='ocrx_word' id='word_1_241' title='bbox 1169 2851 1205 2896; x_wconf 89' lang='grc' dir='ltr'>ιιι</span> <span class='ocrx_word' id='word_1_242' title='bbox 1238 2845 1322 2894; x_wconf 85' lang='lat' dir='ltr'>tanta</span> <span class='ocrx_word' id='word_1_243' title='bbox 1379 2833 1380 2842; x_wconf 75' lang='grc'>’</span> 
     </span>
    </p>

    <p class='ocr_par' dir='ltr' id='par_1_11' title="bbox 195 2912 1346 3427">
     <span class='ocr_line' id='line_1_30' title="bbox 215 2912 1346 3002; baseline 0.002 -30"><span class='ocrx_word' id='word_1_244' title='bbox 215 2966 224 3002; x_wconf 79' lang='lat'>·,</span> <span class='ocrx_word' id='word_1_245' title='bbox 280 2914 556 2996; x_wconf 83' lang='lat' dir='ltr'>angariabantur&#39;</span> <span class='ocrx_word' id='word_1_246' title='bbox 548 2917 766 2982; x_wconf 82' lang='lat' dir='ltr'>immensitate</span> <span class='ocrx_word' id='word_1_247' title='bbox 787 2912 1011 3000; x_wconf 84' lang='lat' dir='ltr'>pecuniarum,</span> <span class='ocrx_word' id='word_1_248' title='bbox 1035 2939 1122 3000; x_wconf 87' lang='lat' dir='ltr'>quae</span> <span class='ocrx_word' id='word_1_249' title='bbox 1146 2915 1219 2980; x_wconf 85' lang='lat' dir='ltr'>ab</span> <span class='ocrx_word' id='word_1_250' title='bbox 1210 2917 1250 2979; x_wconf 87' lang='lat' dir='ltr'>tis</span> <span class='ocrx_word' id='word_1_251' title='bbox 1271 2917 1346 2976; x_wconf 81' lang='lat' dir='ltr'>ers-¹</span> 
     </span>
     <span class='ocr_line' id='line_1_31' title="bbox 258 2993 1317 3092; baseline 0 -31"><span class='ocrx_word' id='word_1_252' title='bbox 258 3003 491 3080; x_wconf 81' lang='lat' dir='ltr'>petebantur,</span> <span class='ocrx_word' id='word_1_253' title='bbox 524 3003 604 3067; x_wconf 84' lang='lat' dir='ltr'>dum</span> <span class='ocrx_word' id='word_1_254' title='bbox 626 3019 686 3085; x_wconf 89' lang='lat' dir='ltr'>pro</span> <span class='ocrx_word' id='word_1_255' title='bbox 708 3002 807 3092; x_wconf 86' lang='lat' dir='ltr'>pallio</span> <span class='ocrx_word' id='word_1_256' title='bbox 830 3002 1022 3086; x_wconf 86' lang='lat' dir='ltr'>accipiendo</span> <span class='ocrx_word' id='word_1_257' title='bbox 1045 2993 1233 3068; x_wconf 82' lang='lat' dir='ltr'>secundum</span> <span class='ocrx_word' id='word_1_258' title='bbox 1256 3019 1317 3062; x_wconf 81' lang='lat' dir='ltr'>mo</span> 
     </span>
     <span class='ocr_line' id='line_1_32' title="bbox 278 3083 1315 3188; baseline 0.012 -43"><span class='ocrx_word' id='word_1_259' title='bbox 278 3104 349 3146; x_wconf 83' lang='lat' dir='ltr'>rent</span> <span class='ocrx_word' id='word_1_260' title='bbox 371 3083 583 3167; x_wconf 82' lang='lat' dir='ltr'>apostolicam</span> <span class='ocrx_word' id='word_1_261' title='bbox 611 3083 737 3152; x_wconf 81' lang='lat' dir='ltr'>sedem</span> <span class='ocrx_word' id='word_1_262' title='bbox 753 3103 963 3188; x_wconf 84' lang='lat' dir='ltr'>expeterent.</span> <span class='ocrx_word' id='word_1_263' title='bbox 999 3089 1240 3170; x_wconf 87' lang='lat' dir='ltr'>decretumque</span> <span class='ocrx_word' id='word_1_264' title='bbox 1263 3097 1315 3157; x_wconf 67' lang='lat' dir='ltr'>ests</span> 
     </span>
     <span class='ocr_line' id='line_1_33' title="bbox 195 3169 1314 3274; baseline -0.004 -42"><span class='ocrx_word' id='word_1_265' title='bbox 195 3207 198 3212; x_wconf 92' lang='lat'><em>·</em></span> <span class='ocrx_word' id='word_1_266' title='bbox 278 3189 323 3234; x_wconf 83' lang='lat' dir='ltr'>ne</span> <span class='ocrx_word' id='word_1_267' title='bbox 356 3169 391 3236; x_wconf 85' lang='lat' dir='ltr'>id</span> <span class='ocrx_word' id='word_1_268' title='bbox 426 3172 584 3274; x_wconf 80' lang='lat' dir='ltr'>deinceps</span> <span class='ocrx_word' id='word_1_269' title='bbox 619 3175 685 3237; x_wconf 82' lang='lat' dir='ltr'>liat.</span> <span class='ocrx_word' id='word_1_270' title='bbox 740 3176 865 3238; x_wconf 83' lang='lat' dir='ltr'>Cuncta</span> <span class='ocrx_word' id='word_1_271' title='bbox 899 3172 989 3238; x_wconf 86' lang='lat' dir='ltr'>enim</span> <span class='ocrx_word' id='word_1_272' title='bbox 1018 3191 1103 3254; x_wconf 86' lang='lat' dir='ltr'>quae</span> <span class='ocrx_word' id='word_1_273' title='bbox 1134 3199 1155 3240; x_wconf 89' lang='lat' dir='ltr'>a</span> <span class='ocrx_word' id='word_1_274' title='bbox 1184 3171 1314 3238; x_wconf 88' lang='lat' dir='ltr'>domino</span> 
     </span>
     <span class='ocr_line' id='line_1_34' title="bbox 278 3255 1315 3354; baseline 0.001 -36"><span class='ocrx_word' id='word_1_275' title='bbox 278 3268 364 3354; x_wconf 80' lang='lat' dir='ltr'>papa</span> <span class='ocrx_word' id='word_1_276' title='bbox 385 3269 420 3322; x_wconf 83' lang='lat' dir='ltr'>et</span> <span class='ocrx_word' id='word_1_277' title='bbox 441 3255 512 3320; x_wconf 79' lang='lat' dir='ltr'>ab</span> <span class='ocrx_word' id='word_1_278' title='bbox 502 3279 574 3341; x_wconf 84' lang='lat' dir='ltr'>rpso</span> <span class='ocrx_word' id='word_1_279' title='bbox 596 3257 809 3341; x_wconf 83' lang='lat' dir='ltr'>imperatore,</span> <span class='ocrx_word' id='word_1_280' title='bbox 836 3275 869 3324; x_wconf 86' lang='lat' dir='ltr'>et</span> <span class='ocrx_word' id='word_1_281' title='bbox 890 3279 908 3321; x_wconf 91' lang='lat' dir='ltr'>a</span> <span class='ocrx_word' id='word_1_282' title='bbox 930 3279 1008 3341; x_wconf 86' lang='lat' dir='ltr'>rege</span> <span class='ocrx_word' id='word_1_283' title='bbox 1030 3261 1198 3338; x_wconf 75' lang='lat' dir='ltr'>flotano,</span> <span class='ocrx_word' id='word_1_284' title='bbox 1212 3269 1315 3320; x_wconf 81' lang='lat' dir='ltr'>caete·</span> 
     </span>
     <span class='ocr_line' id='line_1_35' title="bbox 206 3339 1313 3427; baseline -0.002 -25"><span class='ocrx_word' id='word_1_285' title='bbox 206 3372 212 3384; x_wconf 39' lang='lat' dir='ltr'><strong>x</strong></span> <span class='ocrx_word' id='word_1_286' title='bbox 277 3339 388 3422; x_wconf 83' lang='lat' dir='ltr'>risque</span> <span class='ocrx_word' id='word_1_287' title='bbox 416 3339 632 3425; x_wconf 79' lang='lat' dir='ltr'>principibus,</span> <span class='ocrx_word' id='word_1_288' title='bbox 664 3361 725 3427; x_wconf 87' lang='lat' dir='ltr'>per</span> <span class='ocrx_word' id='word_1_289' title='bbox 753 3361 894 3425; x_wconf 86' lang='lat' dir='ltr'>quorum</span> <span class='ocrx_word' id='word_1_290' title='bbox 922 3359 1021 3410; x_wconf 84' lang='lat' dir='ltr'>terras</span> <span class='ocrx_word' id='word_1_291' title='bbox 1050 3348 1147 3420; x_wconf 79' lang='lat' dir='ltr'>nobis</span> <span class='ocrx_word' id='word_1_292' title='bbox 1169 3342 1313 3409; x_wconf 83' lang='lat' dir='ltr'>transitus</span> 
     </span>
    </p>
   </div>
   <div class='ocr_carea' id='block_1_8' title="bbox 106 3429 1314 3530">
    <p class='ocr_par' dir='ltr' id='par_1_12' title="bbox 106 3429 1314 3530">
     <span class='ocr_line' id='line_1_36' title="bbox 106 3429 1314 3530; baseline -0.002 -40"><span class='ocrx_word' id='word_1_293' title='bbox 106 3430 108 3444; x_wconf 89' lang='grc'><strong>’</strong></span> <span class='ocrx_word' id='word_1_294' title='bbox 173 3463 176 3470; x_wconf 76' lang='lat'><em>,</em></span> <span class='ocrx_word' id='word_1_295' title='bbox 265 3440 328 3500; x_wconf 20' lang='lat' dir='ltr'>,est</span> <span class='ocrx_word' id='word_1_296' title='bbox 348 3429 391 3491; x_wconf 84' lang='lat' dir='ltr'>ad</span> <span class='ocrx_word' id='word_1_297' title='bbox 414 3429 575 3505; x_wconf 83' lang='lat' dir='ltr'>Romam,</span> <span class='ocrx_word' id='word_1_298' title='bbox 602 3445 662 3511; x_wconf 89' lang='lat' dir='ltr'>pro</span> <span class='ocrx_word' id='word_1_299' title='bbox 692 3449 786 3494; x_wconf 83' lang='lat' dir='ltr'>meae</span> <span class='ocrx_word' id='word_1_300' title='bbox 813 3430 919 3514; x_wconf 77' lang='lat' dir='ltr'>gentis</span> <span class='ocrx_word' id='word_1_301' title='bbox 940 3429 1147 3530; x_wconf 84' lang='lat' dir='ltr'>postulabam</span> <span class='ocrx_word' id='word_1_302' title='bbox 1169 3431 1314 3497; x_wconf 84' lang='lat' dir='ltr'>utilitate,</span> 
     </span>
    </p>
   </div>
   <div class='ocr_carea' id='block_1_9' title="bbox 184 3507 1376 3942">
    <p class='ocr_par' dir='ltr' id='par_1_13' title="bbox 184 3507 1376 3852">
     <span class='ocr_line' id='line_1_37' title="bbox 229 3507 1312 3588; baseline 0.015 -25"><span class='ocrx_word' id='word_1_303' title='bbox 229 3554 232 3563; x_wconf 76' lang='grc'><strong><em>,</em></strong></span> <span class='ocrx_word' id='word_1_304' title='bbox 276 3507 490 3580; x_wconf 76' lang='lat' dir='ltr'>libentissime</span> <span class='ocrx_word' id='word_1_305' title='bbox 520 3529 708 3578; x_wconf 83' lang='lat' dir='ltr'>annuerunt</span> <span class='ocrx_word' id='word_1_306' title='bbox 729 3529 769 3578; x_wconf 86' lang='lat' dir='ltr'>et</span> <span class='ocrx_word' id='word_1_307' title='bbox 794 3531 951 3580; x_wconf 85' lang='lat' dir='ltr'>concessa</span> <span class='ocrx_word' id='word_1_308' title='bbox 982 3514 1080 3580; x_wconf 83' lang='lat' dir='ltr'>etism</span> <span class='ocrx_word' id='word_1_309' title='bbox 1114 3524 1312 3588; x_wconf 67' lang='lat' dir='ltr'>sacramento</span> 
     </span>
     <span class='ocr_line' id='line_1_38' title="bbox 184 3591 1369 3684; baseline -0.006 -22"><span class='ocrx_word' id='word_1_310' title='bbox 184 3675 189 3684; x_wconf 27' lang='lat'><em>¹</em></span> <span class='ocrx_word' id='word_1_311' title='bbox 276 3591 507 3676; x_wconf 79' lang='lat' dir='ltr'>firmaverunt,</span> <span class='ocrx_word' id='word_1_312' title='bbox 536 3601 596 3663; x_wconf 88' lang='lat' dir='ltr'>sub</span> <span class='ocrx_word' id='word_1_313' title='bbox 620 3599 807 3682; x_wconf 77' lang='lat' dir='ltr'>testimonio</span> <span class='ocrx_word' id='word_1_314' title='bbox 837 3599 1167 3684; x_wconf 80' lang='lat' dir='ltr'>archiepiscoporum,</span> <span class='ocrx_word' id='word_1_315' title='bbox 1196 3599 1310 3682; x_wconf 87' lang='lat' dir='ltr'>episco</span> <span class='ocrx_word' id='word_1_316' title='bbox 1367 3617 1369 3624; x_wconf 95' lang='lat'>·</span> 
     </span>
     <span class='ocr_line' id='line_1_39' title="bbox 274 3683 1309 3787; baseline 0.008 -41"><span class='ocrx_word' id='word_1_317' title='bbox 274 3691 411 3761; x_wconf 80' lang='lat' dir='ltr'>porum,</span> <span class='ocrx_word' id='word_1_318' title='bbox 433 3697 468 3751; x_wconf 88' lang='lat' dir='ltr'>et</span> <span class='ocrx_word' id='word_1_319' title='bbox 486 3683 682 3752; x_wconf 85' lang='lat' dir='ltr'>innumerae</span> <span class='ocrx_word' id='word_1_320' title='bbox 702 3687 921 3752; x_wconf 86' lang='lat' dir='ltr'>multitudinis</span> <span class='ocrx_word' id='word_1_321' title='bbox 943 3688 1066 3749; x_wconf 88' lang='lat' dir='ltr'>ducum</span> <span class='ocrx_word' id='word_1_322' title='bbox 1089 3705 1122 3787; x_wconf 78' lang='lat' dir='ltr'>et</span> <span class='ocrx_word' id='word_1_323' title='bbox 1142 3683 1309 3754; x_wconf 77' lang='lat' dir='ltr'>nobilitum</span> 
     </span>
     <span class='ocr_line' id='line_1_40' title="bbox 275 3766 1376 3852; baseline 0.004 -22"><span class='ocrx_word' id='word_1_324' title='bbox 275 3766 333 3848; x_wconf 86' lang='lat' dir='ltr'>qui</span> <span class='ocrx_word' id='word_1_325' title='bbox 353 3768 399 3832; x_wconf 92' lang='lat' dir='ltr'>ibi</span> <span class='ocrx_word' id='word_1_326' title='bbox 420 3773 564 3836; x_wconf 83' lang='lat' dir='ltr'>aderant.</span> <span class='ocrx_word' id='word_1_327' title='bbox 1374 3845 1376 3852; x_wconf 29' lang='grc' dir='ltr'>Ι</span> 
     </span>
    </p>

    <p class='ocr_par' dir='ltr' id='par_1_14' title="bbox 361 3853 1309 3942">
     <span class='ocr_line' id='line_1_41' title="bbox 361 3853 1309 3942; baseline -0.003 -22"><span class='ocrx_word' id='word_1_328' title='bbox 361 3855 571 3942; x_wconf 74' lang='lat' dir='ltr'>Quapropter</span> <span class='ocrx_word' id='word_1_329' title='bbox 608 3859 688 3922; x_wconf 89' lang='lat' dir='ltr'>Deo</span> <span class='ocrx_word' id='word_1_330' title='bbox 728 3853 946 3939; x_wconf 81' lang='lat' dir='ltr'>omnipotenti</span> <span class='ocrx_word' id='word_1_331' title='bbox 978 3857 1093 3940; x_wconf 75' lang='lat' dir='ltr'>gratias</span> <span class='ocrx_word' id='word_1_332' title='bbox 1126 3853 1309 3941; x_wconf 77' lang='lat' dir='ltr'>magnificat</span> 
     </span>
    </p>
   </div>
   <div class='ocr_carea' id='block_1_10' title="bbox 273 3936 1369 4090">
    <p class='ocr_par' dir='ltr' id='par_1_15' title="bbox 273 3936 1369 4090">
     <span class='ocr_line' id='line_1_42' title="bbox 273 3936 1308 4090; baseline 0.009 -90"><span class='ocrx_word' id='word_1_333' title='bbox 273 3936 396 4016; x_wconf 81' lang='lat' dir='ltr'>reddo,</span> <span class='ocrx_word' id='word_1_334' title='bbox 427 3943 503 4023; x_wconf 87' lang='lat' dir='ltr'>quia</span> <span class='ocrx_word' id='word_1_335' title='bbox 524 3944 676 4021; x_wconf 79' lang='lat' dir='ltr'>omnia,</span> <span class='ocrx_word' id='word_1_336' title='bbox 688 3963 774 4026; x_wconf 86' lang='lat' dir='ltr'>quae</span> <span class='ocrx_word' id='word_1_337' title='bbox 794 3943 1058 4034; x_wconf 73' lang='lat' dir='ltr'>desideraveram</span> <span class='ocrx_word' id='word_1_338' title='bbox 1080 3960 1180 4027; x_wconf 78' lang='lat' dir='ltr'>prout</span> <span class='ocrx_word' id='word_1_339' title='bbox 1199 3949 1308 4090; x_wconf 64' lang='lat' dir='ltr'>rpem</span> 
     </span>
     <span class='ocr_line' id='line_1_43' title="bbox 276 4041 1369 4090; baseline 0.016 -18"><span class='ocrx_word' id='word_1_340' title='bbox 276 4060 304 4072; x_wconf 90' lang='lat'>..</span> <span class='ocrx_word' id='word_1_341' title='bbox 342 4063 348 4072; x_wconf 91' lang='lat'>.</span> <span class='ocrx_word' id='word_1_342' title='bbox 1225 4041 1305 4090; x_wconf 79' lang='lat' dir='ltr'>ecre·</span> <span class='ocrx_word' id='word_1_343' title='bbox 1355 4079 1369 4090; x_wconf 34' lang='grc' dir='ltr'>ι,</span> 
     </span>
    </p>
   </div>
   <div class='ocr_carea' id='block_1_11' title="bbox 0 0 1408 4856">
    <p class='ocr_par' dir='ltr' id='par_1_16' title="bbox 0 0 1408 4856">
     <span class='ocr_line' id='line_1_44' title="bbox 0 0 1408 4856; baseline 0 3"><span class='ocrx_word' id='word_1_344' title='bbox 0 0 1408 4856; x_wconf 95' lang='lat' dir='ltr'> </span> 
     </span>
    </p>
   </div>
  </div>
 </body>
</html>
