2824 4854
244 364 251 380 κ
297 386 373 532 etii

316 509 669 660 LXXXVIIl
720 472 1054 658 Guilielinus
1095 570 1242 661 Brito

210 769 217 779 ’
264 799 271 808 ,
295 749 338 837 ι)
371 748 439 812 ein
471 745 729 812 Geistlirher
761 723 821 810 aru
849 715 961 812 Hoie
989 748 1127 831 Konig
1154 749 1313 833 Philipp

335 834 539 915 Augusti,
574 825 740 896 schrieb
769 833 864 896 eine
889 832 1141 902 Gesrhichte
1162 837 1231 900 des
1252 837 1330 900 Ko'

270 973 275 978 ·
295 917 1313 1078 ”stolon”lltzlill‘ltnllttltl

178 1083 183 1095 ’
235 1111 242 1126 ³
332 1004 840 1166 iiih,uiesiptis1223
884 1088 1097 1172 Ausgabe,
1133 1025 1217 1154 ion
1242 1093 1314 1155 Du·
1388 1095 1393 1168 ζ

251 1184 255 1200 ·
323 1174 506 1248 chesne,
538 1172 610 1234 Th.
632 1187 663 1252 5
1204 1225 1206 1230 κ

292 1311 335 1391 2)
369 1306 416 1373 A.
430 1309 493 1388 B.:
526 1296 699 1403 Philipp
718 1255 891 1390 August
917 1305 1001 1370 und
1029 1247 1129 1370 Ottd
1159 1309 1251 1385 1v.,
1280 1309 1313 1374 in
1392 1377 1393 1382 ,

288 1393 300 1406 ”
376 1392 449 1456 der
474 1391 539 1454 for
567 1388 746 1461 letzteru
774 1391 1103 1478 ungli‘tcklichen
1129 1393 1314 1476 Schlacht

291 1541 335 1574 ,ι
374 1459 847 1556 heldouvines,1214
1391 1479 1393 1500 ⁸

602 1607 610 1634 ὓ

180 1713 183 1724 .
374 1663 526 1760 Cumque
548 1680 673 1726 moram
693 1661 817 1726 laceret
837 1659 905 1744 regi
927 1659 1103 1746 confligere
1124 1651 1244 1732 noletis

187 1781 193 1795 ι
289 1745 381 1810 Otho
398 1746 513 1828 prior,
520 1769 579 1810 rex
601 1747 783 1828 impatiens,
805 1747 917 1810 dilatio
932 1767 1161 1845 nunquam

289 1831 351 1904 ‚Cui
374 1833 494 1914 placet,
517 1846 549 1898 et
571 1853 702 1912 pugnae
724 1829 885 1894 desiderio
907 1831 1002 1896 nimis
1025 1835 1185 1909 ardens,

220 1925 224 1943 '
287 1917 489 1998 Teutonicos
512 1917 623 2013 medio
645 1916 795 1996 pediturn
815 1917 991 2014 praesumit
1012 1919 1111 1994 adire,

215 2053 217 2058 .
287 2003 448 2086 Dumque
469 1999 565 2064 nimis
588 2016 755 2084 properat,
784 2001 886 2064 aciem
909 2017 1080 2100 pepetrare
1101 2002 1296 2086 pedestrem,
1390 1991 1393 2010 ’

287 2083 372 2148 Μοιι
393 2087 497 2148 hastas
520 2085 641 2150 hastata
663 2106 778 2148 manus
802 2085 963 2166 configit'
955 2107 990 2148 m
1010 2084 1130 2164 illum,

287 2173 434 2258 Quarum
457 2169 563 2251 cuspis
586 2188 653 2233 erat
675 2171 772 2252 longa
794 2185 827 2234 et
847 2169 1012 2235 subulae
1003 2187 1102 2234 instar
1123 2187 1229 2252 acuta,

285 2257 330 2320 Et
350 2257 509 2318 nonnulla
531 2257 623 2318 velut
645 2257 787 2318 verubus
806 2255 936 2318 dentata
956 2255 1100 2320 recurvis
1170 2305 1174 2313 .
1201 2325 1206 2332 ,

287 2333 465 2422 Cuspidis
456 2362 491 2402 ιιι
514 2339 623 2404 medio
647 2361 748 2402 uncos
771 2339 888 2402 emittit
910 2357 1033 2410 acutos

179 2492 182 2499 ,
265 2419 381 2512 ,His
373 2425 468 2508 igitur
489 2445 601 2505 regern
623 2420 779 2506 pedites
771 2444 938 2501 incessere
956 2423 1027 2495 telis

243 2529 256 2553 ι
284 2509 364 2578 Non
386 2530 525 2582 cessans,
545 2517 717 2588 nequeunt
740 2527 847 2574 tamen
870 2509 957 2590 ejus
956 2504 1093 2580 flectere
1115 2533 1235 2599 eorpus

244 2658 246 2664 ,
284 2597 329 2660 In
350 2595 513 2668 dextrum
523 2593 699 2674 laevumve
721 2581 816 2666 latus,
836 2597 892 2658 sel
914 2596 1044 2676 pellere
1059 2597 1157 2674 sella,

283 2681 375 2744 Ense
399 2699 461 2744 nec
482 2661 674 2760 impediunt,
697 2679 776 2758 quin
800 2679 872 2742 illos
885 2679 1065 2764 disgreget,
1088 2683 1170 2746 ultra

213 2799 229 2822 ι
282 2765 510 2846 Progrediens,
539 2765 658 2825 multos
680 2779 827 2828 sternens
849 2767 1056 2846 populosque
1079 2769 1256 2834 trucidans.

170 2913 187 2926 ,,
281 2845 433 2930 Sicque
422 2850 508 2910 viam
525 2849 592 2910 sibi
614 2869 672 2930 per
693 2849 819 2912 medios
843 2850 1055 2926 nihilominus
1076 2851 1188 2918 hostes
1281 2919 1284 2932 ,

281 2933 408 3008 Sternit,
432 2935 472 2995 ad
494 2933 663 2998 Othonem
688 2951 838 3014 properat
860 2937 938 2996 dum
961 2929 1086 3000 tramite
1106 2952 1209 3005 recto.

250 3087 253 3102 Λ
280 3014 453 3082 Donec
424 3040 455 3082 er
477 3017 611 3098 quidam
634 3019 764 3100 reliquis
787 3019 955 3094 audacior,
981 3019 1068 3083 inter

278 3102 399 3180 Pectus
422 3117 454 3167 et
476 3125 532 3165 ora
553 3101 623 3170 fidit
644 3106 784 3166 maculas
807 3101 961 3177 thora'cis,
990 3119 1022 3168 et
1043 3105 1188 3186 usque

263 3183 356 3276 ¹'Qua
377 3187 498 3270 ligno'
485 3205 635 3270 junctum
658 3205 706 3252 est
727 3187 802 3250 fer‘ri
825 3189 977 3272 transegit
999 3211 1139 3254 acumen

280 3271 346 3338 Per
367 3275 485 3338 collare
508 3273 632 3354 triplex,
652 3289 684 3338 et
705 3295 764 3360 per
785 3273 915 3336 thoraca
937 3265 1097 3372 trilicem,

173 3357 179 3440 j
229 3353 230 3359 ¹
279 3351 433 3439 Iurpulsu
456 3357 564 3420 valido
587 3359 688 3422 menti
710 3355 845 3440 regione
863 3356 957 3420 sub
949 3379 1038 3448 rpsa,
1058 3415 1060 3422 ,

278 3443 376 3506 Carni
397 3441 586 3524 contiguum
610 3441 786 3522 prohibens
809 3464 826 3504 a
847 3443 986 3508 vulnere
1007 3439 1142 3509 serrum.

277 3529 440 3627 Dumque
463 3529 504 3590 ad
527 3548 562 3590 se
585 3527 685 3592 vellet
706 3526 830 3592 hastam
852 3547 1007 3594 revocare
1030 3530 1198 3610 trahendo,
1275 3553 1284 3564 ι’

278 3613 407 3678 Restitit
428 3613 550 3676 uncino
571 3611 703 3674 maculis
725 3611 879 3676 haerente
903 3613 1067 3692 plicatis..

276 3697 412 3768 Viribus
435 3699 489 3764 ille
511 3697 605 3760 trahit
626 3697 810 3776 majoribus,
833 3697 1071 3790 auxiliumque

276 3773 388 3846 Dante
410 3782 469 3847 sibi
492 3785 593 3855 turba,
615 3783 801 3864 prolapsum
823 3795 959 3864 corpore
982 3798 1050 3848 ιοιο

276 3869 344 3930 Ora
365 3869 442 3932 facit
462 3888 568 3950 prono
590 3884 693 3930 terrae
715 3865 931 3948 procumbere
953 3889 1101 3950 regem..

275 3953 432 4020 Sternitur
450 3951 587 4038 indiguo
608 3965 707 4017 stratu
729 3951 838 4036 regale
859 3951 951 4030 loco,
977 3963 1044 4018 uec'

338 4078 342 4090 ·
531 4053 534 4058 '
1201 4039 1306 4106 'Strati
