2824 4854
293 439 371 516 Aoo
393 421 422 476 ‘¹

291 610 404 688 Urbis,
423 599 486 676 fuit
506 611 556 678 vir
579 607 771 696 perspicacis
793 589 917 692 ingenii
939 623 972 674 et
992 611 1114 676 tenacis
1135 614 1323 694 memoriae,
1364 642 1367 654 ¹

291 698 326 762 in
358 697 477 760 divinis
499 713 532 762 et
560 695 715 760 humanis
740 695 851 760 litteris
884 691 1047 772 eruditus,
1078 717 1230 764 sermone
1263 715 1325 764 tam

290 783 418 866 vulgari
440 803 539 866 quam
560 781 688 845 litterali
709 781 865 856 disertus,
897 779 1089 844 exercitabas
1110 783 1143 845 in
1168 783 1324 852 cantilena
1402 791 1403 842 4

292 885 325 932 et
353 867 551 950 psalmodia,
584 863 923 939 statura1medioctis·‚
955 882 991 928 et
1016 866 1155 932 decorus
1185 886 1323 952 aspectu,
1401 897 1403 956 ς

289 954 419 1018 medius
436 953 521 1029 inter
538 938 795 1035 prodigalitatem
813 966 845 1013 et
857 949 1032 1026 avaritiam,
1054 953 1114 1020 sed
1134 953 1169 1018 in
1187 955 1321 1022 cleeriis
1375 1018 1376 1023 ,
1401 961 1403 1042 j

290 1037 378 1120 syrtis
392 1053 424 1100 et
438 1036 630 1126 victualibus
649 1037 749 1118 magis
768 1037 885 1116 largus,
911 1036 991 1098 etin
1006 1037 1074 1100 aliis
1087 1039 1188 1120 magis
1202 1061 1321 1121 parcus,
1402 1063 1403 1080 ¹

288 1123 350 1186 nisi
373 1142 448 1183 cum
470 1119 668 1185 necessitatis
690 1119 840 1202 articulus
863 1119 1029 1202 exigebam
1057 1139 1193 1188 severus
1215 1143 1322 1188 contra
1401 1205 1403 1212 Α

288 1209 436 1272 rebelles
451 1222 483 1270 et
505 1222 731 1278 contumaces,
768 1207 828 1270 sed
847 1207 1009 1288 benignus
1031 1227 1108 1290 erga
1128 1208 1271 1272 humiles
1293 1227 1323 1274 et

288 1293 446 1365 devotos;
467 1292 556 1354 fortis
580 1307 613 1354 et
633 1289 763 1365 stabilis,
786 1291 1013 1372 magnanimus
1037 1308 1070 1354 et
1092 1309 1224 1370 astutus,
1248 1295 1322 1361 fidei

227 1450 229 1462 Ι
288 1378 444 1442 defensor
471 1393 505 1440 et
531 1375 673 1438 haeresis
701 1373 999 1458 expugnatorem
1034 1375 1156 1458 justitia
1191 1379 1320 1463 rigidus,
1402 1411 1403 1418 κ

286 1461 349 1526 ced
374 1462 409 1523 in
438 1460 658 1532 misericordia
685 1460 777 1541 pius3
812 1458 945 1522 humilis
967 1457 1003 1522 in
1023 1466 1195 1544 prosperis,
1218 1481 1253 1529 et
1273 1486 1321 1551 pa.

286 1547 370 1610 tiens
412 1545 446 1610 in
480 1545 643 1618 adversisa
692 1561 826 1626 naturae
862 1562 972 1608 tamen
1006 1547 1241 1628 aliquantulum
1280 1551 1321 1614 in
1376 1597 1403 1630 0

285 1631 465 1713 dignantis,
496 1631 556 1696 sed
583 1631 678 1710 facile
700 1629 907 1712 ignoscentis.
944 1661 985 1678 ·-
1020 1631 1090 1694 Hic
1117 1633 1269 1715 primunt]
1288 1637 1320 1700 in
1400 1647 1403 1690 t

283 1711 528 1790 Urbe,'deinde
543 1701 694 1790 Parisios,
708 1715 840 1778 tandem
853 1714 1026 1802 bononiae
1044 1717 1243 1796 scholasticis
1262 1738 1319 1786 stu-
1401 1707 1403 1740 ³

285 1801 346 1864 diis
368 1795 543 1876 insudavit,
569 1817 606 1864 et
627 1819 727 1882 supet·
752 1813 949 1864 coaetaneos
977 1819 1053 1864 snos
1076 1815 1141 1866 tam
1161 1804 1198 1866 in
1218 1806 1319 1887 philo·

1400 1793 1403 1886 l

283 1885 417 1970 sopltica
445 1907 545 1968 quam
572 1885 607 1947 irt
635 1883 817 1966 theologica
845 1883 1014 1966 disciplina
1041 1887 1194 1968 profeci13
1236 1895 1319 1956 sicut
1401 1909 1403 1982 j

238 2013 241 2018 -
283 1974 355 2054 ejus
385 1973 543 2058 opuscula
570 1969 793 2043 manifestant,
827 1987 913 2052 qnae
930 1969 1086 2058 'diversis
1116 1976 1317 2055 temporibus

281 2055 384 2122 edidit
404 2075 437 2122 et
458 2054 600 2120 dictavit.
648 2053 742 2118 Fecit
761 2053 851 2116 enim
873 2069 949 2118 ante
971 2057 1196 2136 pontificatum
1217 2061 1317 2127 libros

281 2147 325 2208 de
347 2142 476 2207 miseria
498 2139 692 2204 conditionis
713 2138 894 2214 hnmanae,
918 2153 952 2202 et
979 2143 1022 2204 de
1052 2141 1223 2208 missarum
1252 2168 1317 2230 my·

279 2229 392 2304 storiis,
414 2241 448 2294 et
468 2227 511 2290 tle
533 2224 761 2308 quadripartita
782 2223 890 2305 specie
913 2225 1110 2308 nuptiarum.
1139 2231 1316 2317 Posutpon.

216 2379 219 2394 ,
278 2307 433 2378 tilicatum
450 2327 570 2386 autem,
592 2309 694 2395 libros
708 2327 908 2384 sermonum,
930 2311 1150 2392 epistolatum,
1169 2317 1317 2400 registro.
1389 2315 1403 2362 ’ἶ

277 2412 407 2464 tumet
425 2396 646 2470 decretalium,
666 2413 752 2476 quae
769 2394 939 2460 manifeste
958 2396 1132 2480 declarant,
1154 2399 1319 2480 qnantum
1401 2403 1402 2410 ’

274 2485 376 2554 fuerit
397 2499 463 2548 tam
485 2482 519 2544 in
540 2481 687 2544 hnmano
709 2499 807 2560 quam
830 2479 865 2540 in
886 2477 1001 2544 divino
1019 2481 1093 2561 jure
1109 2485 1252 2566 peritus.
1274 2525 1314 2540 α-
1399 2499 1402 2544 .’

275 2569 381 2636 Hunc
414 2583 543 2632 sanctae
571 2563 749 2630 memoriae
780 2564 956 2646 Gregorius
988 2583 1137 2632 octavus·
1154 2591 1251 2656 papa,
1279 2572 1313 2638 in

274 2739 379 2815 vitiu
399 2739 575 2802 diaconum
600 2733 807 2810 cardinalem,
828 2733 1031 2817 vigesimum
1046 2757 1176 2804 nonum
1198 2746 1310 2810 aetatis

274 2845 401 2890 annum
417 2837 589 2906 agentem
612 2821 777 2904 assignans
798 2815 829 2884 ei
850 2820 1022 2884 ecclesiam
1044 2839 1231 2900 sanctorum
1244 2835 1311 2894 Ser·

297 2909 318 2972 ii
346 2925 380 2974 et
407 2895 544 2982 Bacchi',
578 2907 672 2988 cujus
698 2904 769 2986 ipse
797 2905 904 2968 luerat
934 2906 1091 2972 diaconus
1124 2914 1308 2980 cardinalis.
1336 2941 1339 2946 ·
1400 2921 1402 2988 i

271 2929 467 3058 {reficiebat
488 3009 608 3068 antem,
637 2991 718 3057 sicut
739 3003 861 3068 aetate,
890 2989 935 3054 sic
957 2991 1054 3054 etiam
1076 2997 1235 3076 probitate
1259 3023 1309 3064 co·
1400 3005 1402 3012 '

266 3099 340 3155 aaut
361 3079 441 3144 Deo
462 3093 495 3142 et
517 3075 609 3140 omni
631 3075 766 3160 populo,
787 3074 831 3140 ita
850 3089 889 3138 ut
909 3091 1026 3142 onmes
1048 3078 1090 3143 de
1111 3079 1213 3162 ipsius
1234 3089 1307 3148 sub·
1400 3093 1402 3166 j

268 3164 439 3230 limationc
469 3168 717 3246 praesumelent
744 3175 779 3226 et
805 3178 982 3260 sperarent.
1013 3199 1057 3214 ·-·
1097 3166 1191 3229 Infra
1209 3171 1307 3234 bien.

232 3308 238 3322 ,
266 3249 372 3328 nium,
393 3266 566 3334 postquam
585 3263 753 3330 promotus
770 3244 832 3310 fnit
848 3265 882 3308 m
898 3247 1107 3326 cardinalem,
1126 3247 1304 3334 praefatam
1401 3255 1402 3262 ’

267 3350 453 3402 sanctornm
476 3333 578 3418 Sergii
600 3347 633 3397 et
654 3331 775 3400 Bacchi
797 3332 990 3408 ecclesiam
1007 3355 1091 3415 quae
1112 3337 1214 3402 nimis
1234 3357 1305 3408 erat
1362 3403 1364 3414 ⁴
1401 3333 1402 3342 ¹

266 3419 423 3486 deformis
445 3429 479 3483 et
499 3417 647 3488 ruinosa,
670 3432 709 3481 nt
730 3417 831 3498 magis
844 3432 963 3500 crypta
986 3439 1093 3498 quant·
1104 3421 1236 3488 basilica
1251 3427 1304 3510 ¹vi·

174 3501 185 3510 ’
265 3505 408 3580 deretur,
429 3504 496 3570 suis
518 3503 701 3586 sumptibus
721 3503 922 3576 restauravit,
942 3503 1083 3585 parietes
1105 3505 1245 3590 erigens,
1268 3527 1303 3580 et
1399 3541 1401 3554 .

168 3653 173 3666 ,
262 3609 429 3670 senovans
456 3603 596 3663 tectum,
624 3607 723 3670 super
749 3605 857 3650 novos
884 3589 1002 3670 gradus
1029 3605 1222 3656 cananaeus
1244 3617 1301 3662 no-
1399 3627 1401 3652 t

261 3695 345 3741 vum
364 3677 482 3752 altare,
507 3693 666 3755 novaque
689 3671 869 3754 ‘pectoralia
895 3673 1020 3744 faciens
1047 3690 1125 3744 ante
1147 3679 1296 3746 chorum.

260 3761 374 3825 Statim
396 3774 704 3842 auternpostqnam
723 3757 787 3824 tuit
811 3757 856 3824 ad
883 3761 1082 3840 apostolatus
1105 3761 1232 3844 apicem
1254 3787 1299 3832 as·

259 3861 420 3927 sumptus,
441 3843 537 3927 jussit
556 3841 628 3908 fieri
649 3859 725 3910 ante
745 3841 849 3926 ipsam
871 3843 1042 3908 ecclesiam
1064 3847 1227 3930 porticum
1248 3871 1299 3918 co-

196 3975 201 3982 ·
257 3929 457 4008 inornatam,
490 3931 534 3995 de
561 3927 675 4004 bonis,
711 3947 797 4010 qnae
825 3927 860 3992 iu
888 3930 1087 3994 cardinalatu
1115 3935 1296 4002 contulerat

258 4007 450 4096 rutnans
470 4011 581 4084 utilia
601 4011 802 4092 montibus.
822 4015 913 4100 unde
934 4013 971 4080 in
989 4015 1137 4098 canuto
1154 4035 1215 4086 aaa
1232 4036 1296 4086 tan·

563 4109 571 4120 '
910 4151 912 4161 .
1089 4121 1092 4128 ·
1243 4120 1290 4170 cas

1401 2001 1403 2058 l

140 2643 184 2678 '¹
276 2656 515 2720 subdiaconum
544 2649 722 2722 ordinavit3
749 2665 784 2713 et
805 2651 960 2713 Clemens
981 2653 1054 2714 111.
1077 2673 1162 2736 papa
1182 2679 1312 2740 ptumo.
1401 2691 1402 2700 κ
