2824 4854
698 297 771 368 l't

45 427 309 575 Ι·-ἰ54

232 574 378 692 esseni,
418 631 484 698 qua
511 614 566 681 die
591 612 707 680 multis
736 614 988 698 impedimentis
1014 630 1085 682 non
1115 581 1286 700 poteram,x
1378 635 1379 638 ’

197 747 202 760 .
234 717 334 768 nocte
356 697 467 784 quiete
483 703 596 772 iacere
618 701 756 785 dignum
778 703 955 767 drmeruut.
997 701 1164 766 Omnibus
1193 704 1280 768 inter

233 800 296 852 eos
317 787 562 874 quaestionibus
584 787 652 872 ptri
673 787 809 851 ratione·
821 786 1001 870 disputatis,
1033 803 1068 852 et
1086 788 1171 850 nihil
1192 809 1276 870 pror«

138 937 143 956 ,
234 891 292 936 sus
322 872 464 951 omisso,
481 881 737 958 'cognoneruuu
764 892 825 936 sex
851 873 956 947 bella,
984 874 1042 938 vel
1063 873 1175 937 duella
1196 893 1280 936 cam-

233 957 365 1042 pesuia,
386 957 581 1026 interrivos
602 957 743 1038 majores
761 958 836 1039 jure
854 975 1035 1024 occurrere·
1074 959 1153 1048 Quo
1172 957 1283 1047 cpgni·

236 1055 282 1118 to,
304 1044 617 1132 videamus,i1iquit
639 1042 773 1124 quidam
794 1043 939 1122 illorum,
961 1043 1084 1108 miste
1107 1044 1193 1107 bella
1216 1043 1283 1105 sint

205 1187 210 1202 Ι
236 1127 370 1212 publica
392 1131 579 1196 auctoritate
603 1129 775 1204 evitanda,
796 1146 838 1190 an
859 1127 899 1191 sit
920 1129 1128 1190 commodius
1146 1129 1201 1210 jus
1224 1141 1283 1190 sta·
1388 1189 1389 1196 ,

236 1227 345 1279 tutum
369 1225 495 1282 tenere·
538 1215 670 1307 Quibus
692 1212 871 1289 contemni
892 1213 977 1279 bella
999 1211 1138 1278 minime
1158 1213 1284 1275 iactura

157 1317 159 1324 ’
235 1295 365 1362 civibus
392 1299 649 1376 ostenderimus,
683 1285 900 1364 communem
929 1297 1100 1386 utilitatem
1121 1297 1228 1374 nimio
1250 1293 1286 1359 ti·
1388 1375 1389 1378 Ἴ

235 1403 331 1449 more
360 1399 549 1468 oppressam
578 1383 886 1450 demonstrabimus.
908 1385 973 1447 ·Et
1000 1385 1065 1448 boc
1091 1382 1188 1447 nobie
1218 1403 1286 1444 ma·

235 1463 287 1550 gis
319 1489 450 1534 causam
482 1467 733 1554 impedimenti,
770 1489 872 1550 quam
900 1468 977 1542 facti
1010 1467 1287 1534 deliberationem

150 1567 152 1582 '
237 1567 389 1638 praestat.
430 1557 520 1620 Nam
548 1554 625 1617 huic
647 1553 832 1640 quaestioni
860 1553 1098 1636 acquieverunt
1118 1553 1287 1616 dicentes:

149 1709 151 1718 Ι
192 1685 196 1700 .
236 1639 438 1720 expediatur
458 1635 522 1709 citi)
545 1641 632 1703 curia
654 1639 890 1722 archiepiscopi
912 1637 1138 1713 marmoribus,
1159 1653 1198 1701 ut
1219 1635 1290 1702 evi·

148 1749 153 1757 1
237 1721 369 1793 dentiut
398 1740 568 1808 appareat,
595 1741 669 1791 nos*
686 1722 771 1792 bella
795 1723 1041 1806 praenominata
1073 1724 1160 1788 inter
1192 1722 1288 1786 cives

231 1806 371 1874 efficere
387 1811 487 1885 velle,
510 1825 543 1874 et
561 1811 622 1874 bac
644 1801 848 1874 exhibitione
872 1809 970 1885 edita,
992 1810 1159 1886 discordes
1182 1821 1290 1872 exter·

239 1892 310 1966 riti,
336 1897 376 1956 ad
399 1897 629 1972 concordiam,
650 1893 730 1958 Deo
752 1891 855 1970 duce,
875 1893 984 1959 levius
1005 1894 1187 1977 poterimus
1209 1913 1289 1954 con·

238 1997 373 2048 vocate,
419 1968 499 2070 Quo
521 1983 617 2050 facto.
639 1980 754 2044 affines
777 1995 810 2042 et
827 1995 991 2059 parentes,
1011 1995 1202 2056 uxoresque
1217 1997 1290 2057 par·
1369 2049 1371 2063 Ι

195 2139 199 2152 ,
238 2061 338 2137 tium,
360 2065 532 2140 timentes,
562 2067 688 2128 animos
712 2063 754 2126 cd
776 2077 865 2127 tanta
887 2063 1074 2126 discrimina
1093 2065 1289 2146 pervenire,

155 2163 159 2169 ·
233 2151 466 2230 ,supplicabant
495 2165 620 2214 secreto
650 2149 856 2224 consulibus,
891 2169 936 2214 ne
965 2149 1006 2210 ad
1035 2145 1094 2212 ista
1123 2147 1290 2210 conduce·

241 2249 315 2297 rent
338 2233 438 2296 cives.
482 2233 570 2298 Nam
593 2235 748 2298 consules
770 2233 804 2295 in
827 2231 877 2296 his
899 2232 976 2296 facti
1002 2232 1165 2308 leviores,
1194 2230 1291 2316 prce

219 2317 284 2381 ‘tn
304 2319 397 2399 quasi
421 2319 574 2384 volentes
597 2322 776 2400 arguebant
797 2320 930 2382 factura.
973 2313 1023 2384 At
1044 2337 1151 2400 quum·
1171 2337 1298 2380 consu-v

237 2403 290 2468 les
320 2401 370 2466 his
398 2425 509 2468 rerum
539 2403 756 2486 argumentis,
789 2402 989 2467 desiderium
1018 2418 1051 2466 et
1078 2403 1292 2466 voluntatem

178 2497 181 2504 '
240 2486 375 2550 illorum
397 2503 638 2572 cognoverunt,
660 2488 755 2552 viam
778 2485 997 2569 praeelectam
1018 2489 1063 2554 de
1083 2488 1293 2552 nonfacien-

240 2569 291 2636 dis
323 2573 456 2655 proeliis
488 2571 569 2637 mira
601 2569 786 2640 assiduitate
819 2573 972 2656 eligenda
1003 2587 1199 2646 sanxerunt,
1257 2585 1294 2637 et

209 2731 211 2736 ¹
239 2658 319 2739 quia
348 2659 430 2722 haec
456 2673 509 2724 res
539 2673 608 2722 tttrn
632 2657 765 2733 timore,
793 2671 863 2722 turn
887 2658 1102 2722 veneratione
1124 2673 1193 2720 erat
1213 2655 1295 2720 inci·

172 2809 175 2815 ,
240 2744 382 2828 pianda,
414 2739 567 2808 consules
603 2741 777 2807 adiverunt
812 2745 921 2824 primo
960 2744 1137 2806 dominum
1170 2745 1293 2826 Hugo·

240 2845 321 2894 uem
351 2827 662 2928 archiepiscopum,
678 2827 736 2907 qui
764 2843 964 2892 secretorum
993 2833 1136 2892 suorum·
1155 2827 1293 2912 ignarus

182 2949 184 2954 ·
241 2913 366 2987 fuerat,
395 2913 505 2975 omnia
535 2913 595 2984 ubi
622 2913 684 2976 sub
713 2911 927 2978 taciturnitate
954 2928 1174 2997 exponentes.
1225 2913 1292 2978 Cui

242 2995 380 3080 quidem
400 2997 513 3062 omni-a
534 2996 670 3062 mirifice
690 2993 857 3079 placuere.
897 2999 1008 3082 Ajurtt
1025 2997 1294 3080 quidemt'man·

243 3081 362 3146 demus
391 3081 504 3164 igitur,
524 3095 573 3146 ‘ut
600 3079 782 3166 religiosae⁸
800 3101 963 3165 personae
992 3083 1292 3166 archiepiscopatus

243 3163 285 3230 ad
308 3167 521 3234 tam'bonum
544 3187 627 3249 opus
650 3167 888 3252 perficiendum
910 3169 974 3232 cito
995 3169 1139 3242 veniant,
1160 3186 1198 3230 ut
1216 3169 1294 3232 freti

159 3293 161 3298 ι
228 3265 360 3316 ‘eorum
391 3253 548 3328 consitio,
579 3253 868 3317 tamvlaudabilem
900 3273 1030 3318 causam
1060 3253 1293 3317 ad‘honorem

178 3330 180 3343 ¹
241 3337 311 3402 Dei
341 3335 524 3401 desiderato
552 3334 610 3402 lini
639 3335 759 3402 ducere
789 3337 995 3422 incipiamus.
1047 3341 1125 3402 Hac
1153 3359 1190 3404 re
1220 3351 1293 3420 per·

247 3437 330 3497 acta,
352 3438 534 3486 statuerunt
555 3425 795 3506 parlamentum
818 3435 893 3488 ante
916 3423 1043 3500 lucem,
1064 3424 1293 3505 ignorantibus

243 3507 387 3581 civibus,
404 3529 533 3579 sonare,
555 3523 590 3568 ut
614 3507 678 3569 cito
700 3508 853 3573 mirantes
877 3525 1122 3590 consurgerent,
1141 3524 1179 3572 et
1199 3509 1292 3572 velo·

244 3591 324 3656 eiori
347 3593 432 3673 pede
455 3609 572 3670 noctu,
603 3612 702 3672 quam
726 3593 779 3656 die
803 3592 975 3667 venirent3
996 3591 1229 3678 injungentes,
1253 3608 1294 3656 ut

243 3677 355 3741 media
385 3675 546 3742 concinne
572 3675 730 3762 reliquiae
758 3669 849 3742 beati
875 3679 1035 3742 (Iohannis
1056 3677 1223 3759 Baptistae
1245 3677 1293 3740 in-

243 3765 512 3840 troducerentur,
540 3773 575 3826 et
597 3779 708 3826 cruces
731 3761 872 3827 civitatis
897 3764 935 3826 in
964 3783 1164 3844 unaquaque
1187 3779 1292 3843 porta,

243 3867 318 3912 rum
342 3869 403 3930 per
424 3845 764 3933 honestaspersonas
789 3864 996 3928 tenerentur,
1029 3847 1206 3928 omnisque
1228 3849 1292 3910 cle·

241 3929 363 3996 ricatus
390 3947 555 4015 tamquam
585 3933 621 3996 in
648 3932 774 3997 festivis
801 3934 918 3999 diebus
946 3949 1117 4016 appareret
1144 3933 1290 3997 indutus.

243 4017 289 4080 Et
322 4015 449 4088 civibus
477 4019 520 4082 ad
547 4016 750 4099 colloquium
777 4019 1043 4102 properantibus,
1069 4019 1138 4084 ‘ute
1151 4018 1291 4084 ridenti·

343 4151 346 4161 ,
733 4129 738 4156 t
806 4143 809 4150 ·
1217 4107 1289 4174 bus,
