2808 4856
1032 443 1105 560 sip
1172 479 1175 486 ·

109 639 682 728 Bremensundflsnburgs,
725 639 916 712 aufkiitrt.
962 639 1101 730 Auag
1175 597 1197 694 ι,
1257 610 1312 696 ,⁴
1378 629 1383 638 '

22 715 24 820 5
109 727 387 797 inLindeubr.
410 746 483 790 scr.
504 746 579 790 rer.
601 745 725 808 gerru.
745 741 951 839 septentr.

22 821 25 952 5
81 862 237 947 ι)Α.Β.;
266 857 500 926 Heinrichs
530 861 600 928 des
623 852 795 924 Dritten
816 825 906 934 'Tod
936 861 1098 943 (1056),

22 965 23 976 *
99 955 103 962 ’
143 949 219 1010 und
249 949 319 1010 das
348 947 576 1030 Regiment
606 935 678 1010 der
705 945 960 1010 Erzbisbo'fe
993 949 1099 1012 Han·

21 1101 22 1110 χ
141 1055 188 1096 no
216 1033 300 1102 und
329 1033 552 1122 Adalbert,
587 1031 783 1094 wahrend
819 1033 890 1094 der
916 1028 1097 1099 Minder
1129 1077 1142 1105 ι
1235 1065 1238 1074 ·

21 1133 23 1154 ³
76 1146 77 1150 ¹
141 1115 369 1202 jahrigkeit
400 1105 631 1182 Heinricbs
665 1117 737 1184 des
769 1115 960 1183 Vierten.

141 1317 226 1398 Papa
239 1293 315 1382 Leo
331 1337 377 1379 mr
399 1315 483 1380 ravit
499 1337 519 1380 a
535 1316 684 1392 saeculo:
718 1315 1013 1397 eodemqueanno
1033 1315 1099 1381 ior

21 1439 23 1444 ·
85 1399 191 1466 tissimus
208 1337 399 1484 imperato}
418 1401 597 1468 Heinricus
615 1401 763 1478 decessit.
814 1401 967 1500 Quorum
987 1417 1095 1472 morte

21 1505 23 1514 ’
79 1507 128 1547 nou
152 1490 274 1548 solum
286 1486 423 1552 ecclesia
450 1490 575 1552 turbata
602 1501 669 1562 est,
712 1505 828 1564 verum
859 1486 957 1564 etiarn
985 1507 1096 1570 respu-

21 1571 169 1632 blica
182 1595 258 1634 tem
280 1573 402 1638 habere
425 1553 606 1638 videbatur.
647 1573 766 1650 Itaque
789 1592 831 1634 ex
853 1571 910 1632 illo
923 1585 1110 1670 tempore„

21 1711 23 1750 ᾗ
77 1672 193 1718 nostram
221 1657 399 1722 ecclesiam
425 1658 643 1724 Bremensern
672 1675 789 1718 omnes
814 1656 1014 1722 calamitates
1037 1679 1095 1756 op·
1188 1709 1194 1716 .

21 1777 58 1822 t
76 1761 257 1820 presserunt,
279 1759 404 1805 nostro
432 1758 561 1824 pastore
591 1757 717 1805 tantum
745 1739 853 1804 curiae
880 1742 1019 1822 negotiis
1048 1741 1095 1804 in.

21 1849 22 1900 }
75 1842 153 1889 tento.
181 1827 241 1890 Ad
267 1830 487 1928 gubernacula
508 1829 610 1892 enim
619 1825 721 1910 regni,
743 1826 862 1909 mulier
882 1846 958 1888 cum
976 1847 1093 1908 puero,
1190 1877 1193 1884 .

21 1901 23 1948 5
74 1931 170 1993 magno
188 1913 330 1996 Imperii
351 1912 491 1996 praefuit
512 1913 720 1977 detrimento
764 1911 979 1992 Indignantes
1001 1910 1093 1976 enim

75 1995 224 2078 principes,
262 2014 317 2062 aut
337 1998 489 2062 muliebri
510 2013 670 2082 potestate
691 1993 884 2078 constringi
914 2012 969 2060 aut
991 1994 1093 2060 infan-

21 2085 33 2179 5
76 2081 132 2142 tuli
142 2084 264 2184 ditione
293 2083 379 2184 regi,
415 2083 522 2166 primo
551 2084 686 2163 quidem
710 2081 929 2151 'communiter
949 2080 1096 2148 vindica<
1169 2117 1171 2122 ·
1239 2111 1243 2120 ¹

21 2185 23 2286 5
75 2182 131 2230 runt
149 2188 181 2234 se
202 2171 236 2232 in
262 2168 429 2251 pristinam
449 2169 651 2244 libertatem,
677 2183 804 2230 utnon
826 2166 1004 2240 servirents
1037 2167 1092 2232 de·

21 2239 23 2306 5
75 2250 146 2316 inde
144 2255 401 2318 contentionem
422 2267 600 2319 moverunt
619 2253 704 2318 inter
725 2268 778 2326 se,
812 2251 885 2330 quis
907 2272 1023 2314 eorum
1045 2251 1092 2314 vi

76 2336 182 2401 deretur
204 2347 291 2404 esse
302 2338 423 2422 major;
455 2351 622 2422 postremo
651 2336 746 2402 armis
769 2337 921 2406 audacter
942 2336 1089 2419 sumptis,

75 2421 224 2486 dominum
255 2444 288 2491 et
313 2443 427 2508 regern
456 2443 553 2487 suum
583 2425 751 2506 deponere
780 2420 883 2482 moliti
911 2437 1008 2484 sunt.
1045 2422 1093 2486 Et
1136 2427 1139 2434 '

20 2505 269 2572 haecomnia
289 2510 398 2592 potius
420 2507 523 2572 ocutis
545 2508 650 2572 videri
671 2521 817 2589 possunt,
842 2525 940 2586 quam
963 2505 1089 2583 calamo

74 2593 157 2656 scribi
186 2597 352 2669 Tandem,
375 2592 588 2674 seditionibus
611 2595 651 2654 ad
669 2608 785 2674 paoem
803 2589 972 2665 inclinatis,
986 2577 1090 2656 Adat-

75 2677 161 2742 bertus
195 2697 229 2746 et
259 2679 365 2744 Anno
400 2677 632 2761 archiepiscopi
665 2677 816 2743 consules
850 2673 1017 2752 declarati,
1057 2689 1091 2738 et
1118 2737 1126 2758 ,

20 2747 28 2872 5
76 2758 101 2824 iu
122 2785 230 2828 eorum
260 2764 397 2828 consilio
425 2783 555 2828 summa
575 2785 686 2835 rerum
707 2764 882 2846 pendebat.
923 2763 991 2835 Sed
1012 2781 1089 2831 curu

20 2837 25 2928 5
76 2851 151 2920 ambo
178 2865 291 2916 essent
315 2849 379 2914 viri
399 2851 578 2932 prudentes
607 2863 641 2914 et
661 2848 784 2912 strenui
805 2847 842 2911 in
861 2845 1090 2944 procuratione

20 2915 22 3000 5
75 2933 274 3014 reipublicae3
288 2951 405 3004 tamen,
420 2935 500 2998 alter
517 2935 655 3000 alterum
674 2933 837 3006 felicitate,
859 2947 915 2994 aut
934 2929 1092 3006 industria
1114 2973 1118 2983 s

20 2991 22 3140 5
75 3035 118 3080 sur
140 3021 338 3101 praesurisse
366 3021 506 3086 videtur.
548 3023 668 3099 Itaque
695 3019 769 3081 ficta
790 3017 1020 3100 episcoporum
1042 3010 1091 3082 ιιι

20 3103 181 3202 deliras,
211 3107 346 3172 modico
379 3106 508 3171 duravit
540 3119 704 3186 ternpore,
739 3121 772 3166 et
801 3101 950 3182 quamvis
977 3101 1090 3184 ringus

74 3189 220 3276 utriusque
255 3213 371 3273 pacem
402 3210 520 3254 sonare
551 3189 745 3262 videretur,
780 3209 840 3248 cor
868 3204 978 3253 tamen
1011 3185 1089 3250 odio

20 3263 22 3292 5
74 3278 179 3338 mortali
217 3275 426 3374 pugnabat
417 3275 585 3348 invicem.
643 3275 686 3336 Et
724 3262 912 3340 Bremeusis
952 3251 1088 3368 quidem

20 3363 197 3436 ιριιειιι,
227 3382 270 3425 eo
289 3361 464 3442 justiorem
484 3360 591 3425 induit
612 3373 763 3432 cansam,
777 3357 933 3437 quoniam
955 3354 1090 3438 pronior

20 3405 22 3506 5
74 3445 105 3502 td
122 3447 369 3512 misericordiam
392 3445 462 3522 fuit,
493 3446 648 3527 regique
651 3443 787 3506 domino
806 3463 887 3534 suo,
916 3442 1017 3506 fidem
1039 3459 1090 3507 ut·

20 3507 22 3600 5
20 3545 126 3606 que
145 3535 182 3594 ad
205 3546 347 3596 mortem
369 3531 479 3594 docuit
500 3551 573 3598 esse
595 3531 800 3595 servandam.
850 3526 900 3590 At
920 3547 1002 3591 vero
1026 3521 1088 3586 Co

20 3609 220 3693 lonensis,
243 3615 294 3680 vir
311 3617 423 3679 atrocis
441 3613 574 3702 ingenii,
597 3616 694 3678 etiarn
711 3614 851 3678 violatae
867 3611 957 3684 fidei,
980 3621 1090 3694 argue·

20 3621 22 3742 5
74 3695 176 3762 batur
162 3723 202 3764 sn
224 3722 348 3784 regem.
390 3701 565 3768 Praeterea
587 3721 645 3780 per
667 3718 799 3772 omnes,
822 3718 908 3784 qupe
929 3717 989 3765 suo
1011 3710 1090 3759 seru

20 3800 138 3876 pore
162 3787 244 3852 facta
274 3801 350 3850 sunt
378 3786 662 3884 conspirationes,
679 3803 819 3882 semper
851 3797 919 3846 erat
949 3775 1156 3848 medius'

20 3857 282 3954 5Coloniensis
291 3873 398 3948 enim,
443 3893 568 3974 quern·
577 3868 728 3936 avaritiae
766 3869 938 3944 notabant,
978 3863 1091 3932 omnia

20 3935 144 4046 5quae
164 3958 348 4034 vernoni,
370 3955 455 4023 vel
446 3979 482 4022 tn
503 3955 590 4032 curia
612 3955 719 4037 potuit
739 3956 956 4054 corradere,⁸
946 3976 979 4019 tu
1003 3973 1093 4014 orna·
1147 3974 1150 3978 ·

75 4055 174 4106 uento
195 4063 274 4112 suae
295 4042 407 4130 posuit
428 4025 596 4116 ecciesiae.
629 4043 778 4170 Quam,
773 4061 849 4106 oum
866 4039 955 4130 prius
973 4056 1092 4117 magua

20 4139 22 4148 ³
253 4176 255 4182 .
886 4139 888 4144 ·
998 4136 1097 4198 esset,
