2788 4854
485 475 501 526 o,

71 575 148 650 lore,
171 570 243 638 sine
260 569 382 642 multis
395 569 535 666 lacrimis
556 527 665 640 dicere
686 596 756 651 non
778 529 885 655 valeo,
907 537 942 648 et
962 581 1039 665 qnia
1057 583 1101 648 di

23 710 24 716 ι
74 664 158 734 citur,
174 660 398 726 vehementer
415 659 640 736 contremisco,
660 662 763 726 filium
783 686 906 742 meum,
927 688 1040 732 meum
1056 669 1102 734 im
1220 729 1227 744 ,

52 766 165 829 quam
196 745 350 810 Absal'on
379 745 640 846 dilectissimum,
675 766 744 810 non
772 747 895 812 solurn'
907 767 1018 814 contra
1046 773 1101 818 me
1153 752 1155 758 ’

73 831 314 917 animaverunt,
347 845 384 894 ut
410 831 443 892 in
472 833 581 912 primis
611 847 721 896 contra
748 833 850 899 fidem
872 852 905 899 et
925 855 1102 904 sacramen·

77 932 173 993 tom,
182 909 274 994 quod
295 932 332 979 ut
353 915 446 978 miles
470 917 635 980 domino
623 925 805 997 juraverat,
829 920 968 1002 regnum
989 943 1103 992 meum

17 1015 20 1020 “
74 1001 256 1099 invaderet,
292 999 464 1083 episcopos
494 1019 526 1066 et
549 1003 680 1066 abbates
704 1025 794 1066 meos
817 1005 1054 1088 deponeret,'
1047 1007 1103 1074 rni-
1162 1009 1168 1034 l

74 1087 169 1148 micos
191 1101 225 1148 et
246 1087 481 1186 persecutores
491 1108 585 1152 meos
614 1089 837 1187 substitueret,
872 1093 912 1151 ad
939 1093 1103 1168 ultimum,

74 1171 160 1252 quod
186 1173 331 1236 maxime
358 1174 483 1236 vellem
504 1173 617 1252 taceri,
649 1189 707 1236 aut
727 1175 753 1234 si
776 1175 873 1238 taceri
893 1195 962 1236 non
975 1193 1101 1271 potest,
1203 1222 1205 1228 ·

77 1257 196 1328 vellem,
214 1277 284 1320 non
305 1258 410 1330 credi,
445 1279 580 1321 omnem
589 1271 735 1336 naturate
763 1255 921 1322 affectum
947 1257 1102 1344 abjiciens

1 1344 15 1400 ι·
72 1341 108 1406 in
128 1342 264 1406 salutern
286 1357 320 1406 et
341 1341 482 1404 animam
503 1341 698 1417 intenderet,
721 1365 784 1409 nec
805 1344 900 1424 pensi
923 1347 1102 1430 quidquam

1 1589 16 1624 ‘
77 1611 159 1662 tanta
187 1595 263 1661 mali
284 1595 336 1672 sui
363 1597 624 1697 machinatione,
651 1619 731 1663 curn
757 1619 863 1662 essem
886 1599 921 1660 in
942 1621 1041 1684 pace,
1072 1616 1106 1664 et
1133 1648 1150 1655 ,
1236 1599 1251 1648 ·’

5 2324 8 2329 ,
73 2297 159 2352 mae,
182 2293 227 2354 ut,
249 2277 277 2340 si
297 2299 357 2360 pro
378 2275 518 2360 peccatis
538 2276 620 2341 meis
640 2277 854 2360 flagellandus
877 2300 966 2377 pram
983 2302 1000 2344 a
1017 2282 1177 2355 Deo‚0‘
1242 2273 1247 2296 ”
1336 2285 1341 2304 ⁸

1 1456 2 1469 r
74 1426 215 1506 liaberet,
236 1440 447 1507 quocumque
469 1429 581 1503 modu,
599 1428 711 1491 vel¹
675 1449 721 1503 vr,
743 1430 798 1494 vel
820 1431 945 1509 fraude,
966 1433 1009 1496 ed
1020 1433 1104 1517 hanc,
1148 1491 1195 1500 ,

1 1509 205 1594 periculi
227 1511 289 1576 ei
280 1511 479 1594 ignominiae
496 1533 575 1574 suae
592 1533 755 1578 summam
771 1515 956 1612 adspiraret
978 1518 1036 1582 In
1044 1493 1105 1582 liae
1152 1531 1162 1547 “

42 1680 110 1744 in
129 1682 238 1762 aliqua
265 1680 375 1748 salutis
403 1704 500 1750 meac
521 1683 701 1758 securitate,
722 1683 757 1748 in
778 1683 854 1766 ipsis
869 1678 1035 1756 dominici
1055 1687 1125 1752 ad.»
1177 1743 1180 1752 ,

78 1783 192 1836 ventus
221 1765 426 1832 sanctissimis
456 1768 620 1842 diebus,
610 1787 647 1830 ιιι
669 1769 794 1844 locum,
819 1767 874 1848 qui
898 1771 1113 1846 Confluentia
1168 1795 1170 1805 ’

73 1852 197 1932 dicitur,
219 1853 260 1916 ad
281 1851 483 1932 colloquium
506 1851 663 1918 evocavit
678 1873 743 1928 me,
766 1853 857 1937 quad
879 1854 921 1916 de
938 1853 1108 1920 communi

72 1939 177 2006 salute
206 1951 241 2002 et
269 1937 397 2006 honore
424 1937 509 2002 filius
537 1951 723 2004 tractaturus
752 1957 827 2004 curn
850 1953 951 2038 patre.
980 1939 1106 2036 Quem

73 2037 111 2084 nt
137 2021 208 2088 vidi
234 2021 320 2084 illico
349 2043 392 2086 ex
426 2039 562 2104 paterno
597 2019 744 2099 adfectu,
780 2037 882 2089 tactus
912 2023 1134 2109 intrinsecus»

74 2107 188 2173 dolore
210 2106 315 2172 cordis
337 2105 420 2184 mei,
453 2107 494 2168 ad
521 2109 636 2192 pedes
652 2127 730 2170 snos
751 2105 891 2189 procidi,
923 2103 1131 2174 admonens·
1207 2149 1232 2186 4
1260 2151 1262 2156 -
1326 2085 1339 2182 ’χ

73 2207 109 2259 et
129 2190 323 2258 obtestans
312 2213 374 2273 per
394 2195 527 2270 Deum,
555 2213 621 2294 per
647 2193 771 2262 fidem
799 2213 859 2274 per
884 2195 1021 2258 salutern
1044 2195 1108 2256 ani

78 2364 121 2426 de
147 2383 203 2430 me
229 2361 301 2444 ipse
328 2363 453 2427 nullam
482 2363 644 2428 maculam
666 2363 871 2442 conquireret
892 2364 1030 2438 animae,
1053 2365 1109 2426 ho
1149 2369 1163 2414 -‘

11 2453 22 2479 '·
75 2445 148 2519 ucri
169 2463 204 2526 et
224 2446 352 2512 nomini
373 2465 452 2522 sno;
475 2447 551 2528 quia
569 2449 682 2534 culpae
700 2447 804 2533 patris
817 2449 988 2512 vindicem
1004 2449 1108 2514 filium

4 2600 5 2603 ,
75 2553 161 2608 esse,
180 2531 275 2596 nulla
293 2531 433 2598 divinae
443 2493 530 2615 legis
551 2551 699 2614 unquam
720 2531 885 2598 constituit
904 2534 1038 2600 sanctio
1060 2534 1110 2598 At

74 2617 163 2687 ille
150 2639 220 2700 Jem
241 2617 428 2701 pulchre,
418 2639 487 2682 ιιιιο
509 2617 689 2685 miserrime
708 2611 870 2683 institutus
893 2620 940 2680 ad
955 2617 1129 2684 malitiam·

77 2705 170 2786 euasi
191 2703 411 2770 abominabile
431 2719 466 2768 et
487 2703 678 2768 execrabile·
691 2703 803 2769 scelus
820 2703 931 2794 coepit
949 2705 1110 2808 detestari,
1170 2776 1172 2783 Ι

77 2789 252 2888 procidens
272 2805 307 2854 et
327 2788 406 2890 ipse
420 2791 461 2850 ad
483 2789 585 2880 pedes
606 2808 710 2869 meos,
740 2791 782 2852 de
804 2789 980 2870 praeteritis
1003 2791 1185 2875 coepib.

78 2874 212 2946 veniam
234 2874 373 2956 precari,
397 2873 432 2938 in
452 2877 631 2972 reliquum,
652 2887 689 2939 ut
708 2873 803 2940 miles
825 2875 980 2976 domino,
1001 2891 1038 2938 nt
1059 2890 1111 2961 pe
1216 2881 1223 2937 l
1248 2958 1249 2971 χ

2 3013 3 3016 ,
54 2961 115 3053 tri
135 2959 242 3039 filius,
268 2978 347 3045 curn
372 2959 440 3024 fide
468 2974 501 3024 et
523 2959 664 3028 veritate
686 2979 745 3040 per
767 2960 877 3022 omnir
898 2979 933 3029 se
955 2960 1052 3026 mihi
1059 2965 1112 3026 ob

54 3027 274 3121 auditurum,
295 3035 378 3108 cuin
389 3043 526 3108 lacrimis
545 3044 742 3126 promittere,
763 3045 794 3107 si
813 3047 1024 3113 solummodo
1042 3047 1114 3116 sedi
1159 3053 1164 3072 '

4 3149 8 3157 '
38 3130 283 3230 apostolicae
302 3131 427 3196 vellem
452 3129 661 3206 reconciliari.
712 3129 819 3220 Quod
842 3149 917 3191 cum
945 3132 1112 3213 promptis

55 3215 163 3318 cirne
184 3214 372 3282 annuissem
393 3229 434 3280 et
449 3201 676 3304 deliberationi
697 3233 775 3280 suae
805 3229 837 3282 et
864 3215 1022 3278 consilio
1031 3217 1131 3300 prin„

1 3325 3 3377 ῑ
81 3301 203 3401 cipum,
230 3301 264 3364 in
286 3301 351 3369 hoc
373 3315 477 3366 tutum
505 3295 560 3364 ine
589 3299 853 3380 manicipandum
881 3299 1132 3386 promisissem,

81 3385 302 3468 inpraesenti
321 3384 487 3452 nativitate
509 3405 544 3448 se
566 3385 811 3468 perducturum
821 3399 881 3450 me
904 3381 1113 3484 Moguntiam
1185 3389 1188 3391 ’
1251 3400 1294 3454 “,

1 3477 3 3546 J
83 3487 115 3539 et
135 3471 182 3540 ibi
205 3473 248 3536 de
269 3471 399 3556 honore
419 3485 452 3535 et
472 3469 736 3537 reconciliatione
757 3489 842 3546 mea,
864 3485 963 3555 quam
984 3470 1114 3540 fidelius

1 3565 3 3623 ἰ
83 3573 207 3638 posset,
235 3577 271 3634 se
294 3572 450 3630 aetrnum,
478 3573 512 3620 et
532 3555 646 3618 inde
637 3576 672 3617 ιιι
699 3574 815 3638 pacem
848 3571 881 3620 et
911 3553 1135 3642 securitatem'¹

1 3640 2 3726 ,
82 3663 136 3708 ure
158 3628 384 3709 reducendum
413 3641 559 3723 promisit
585 3641 620 3705 in
649 3659 686 3708 ea
716 3642 853 3707 veritate
877 3657 914 3705 et
934 3643 1018 3722 lide,
1052 3655 1118 3742 qua

1 3767 3 3774 ›
83 3744 207 3810 patrem
243 3750 262 3792 a
292 3727 360 3792 filio
392 3727 564 3802 honorari,
598 3740 632 3792 et
661 3725 777 3790 lilium
799 3747 817 3791 a
843 3744 935 3826 patre
954 3723 1118 3826 praecipit
1156 3775 1159 3783 ,

1 3864 3 3919 l

1 3829 3 3862 l
83 3813 179 3880 Deus
202 3813 303 3896 diligi.
344 3803 422 3882 Hac
449 3811 665 3902 promissione
695 3823 792 3894 qnae
808 3814 906 3877 etiam
927 3811 1042 3910 gentili
1063 3815 1116 3878 ob-

1 3920 11 3947 ι’
82 3901 247 3964 servanda
269 3912 327 3975 est,
348 3915 482 3963 securus
502 3897 648 3982 illorsum
669 3895 767 3975 ibam,
789 3912 822 3960 et
838 3897 927 3960 lilius
948 3891 1044 3963 meirs
1065 3897 1118 3964 ali-

85 3985 281 4096 quantulum
307 3999 525 4068 praecesserat
551 4000 623 4073 mer
655 3999 747 4050 curu
754 3975 900 4070 qnidam
913 3983 1028 4054 fideles
1048 3981 1118 4048 arei

1008 4089 1115 4133 occul*-
1195 4084 1197 4093 ¹
