2824 4854
271 313 345 456 lba
421 336 431 401 ἶ

225 575 228 588 .
269 545 503 636 hujusmottis
524 542 623 612 calice
645 557 829 628 potaretur,
858 544 1001 612 existens
1023 547 1119 629 -juxta
1145 553 1304 633 P²⁵⁵l⁰ois
1405 535 1409 544 .

268 643 380 706 locum
402 637 589 706 damnatus,
619 635 698 694 dum
721 651 825 716 saeva
842 647 1020 696 moraretur
1041 634 1074 696 in
1097 657 1198 712 manu
1218 641 1305 706 liet&

268 726 321 798 ris,
349 741 419 782 non
442 738 525 782 voce
548 717 701 798 querula,
840 719 899 782 sed
927 719 967 780 ad
996 721 1127 784 coelum
1146 723 1306 808 jungebat
1407 711 1409 790 ἶ

268 813 409 892 palmas.
452 821 659 882 mortemque
681 798 905 890 inevitabilem
934 801 1094 882 patienter
1115 827 1301 892 expectans,
1407 817 1409 826 '

266 879 376 958 surim·
392 889 529 956 domino
557 888 705 969 spiritum
734 888 1004 960 commendabam
1037 909 1100 956 ner
1121 893 1303 963 divertebat

256 995 380 1060 caput,
413 976 475 1039 sed
509 974 685 1038 exhibebat
720 993 756 1036 se
783 972 875 1052 quasi
907 974 1073 1038 victimam
1102 995 1134 1041 et
1162 984 1301 1046 caesoris

203 1074 206 1083 “
265 1081 372 1128 truces
402 1060 485 1124 ictus
516 1059 552 1120 in
587 1056 740 1140 patientia
773 1060 972 1138 expectabat.
1022 1062 1181 1126 'iuvenili
1220 1087 1300 1150 ergo

263 1147 422 1230 sanguine
449 1145 485 1206 in
517 1143 637 1224 poculo
669 1143 864 1208 crudelitatis
897 1147 1065 1224 absorpto,
1108 1148 1149 1212 ad
1183 1167 1300 1214 terram

235 1233 417 1328 'dejicitur
444 1227 597 1312 pueritia,
633 1241 667 1294 et
693 1228 819 1311 perdita
845 1244 893 1292 est
917 1229 1087 1309 juventus.
1146 1235 1301 1318 Insigne,

264 1318 369 1382 trunci
393 1318 505 1398 jacent
531 1312 709 1386 exanimes,
738 1328 771 1378 et
793 1313 936 1394 dilapsae
957 1315 1112 1392 cervices,
1142 1335 1174 1384 et
1196 1324 1301 1402 oapita

238 1403 333 1468 ,sine
360 1421 457 1466 voce.
482 1401 485 1411 ’
516 1399 633 1460 Madet
660 1413 742 1460 terra
770 1398 907 1479 pulchro
940 1419 1055 1464 cruore
1086 1403 1224 1476 diffuso,
1261 1423 1291 1472 ta

259 1491 384 1569 batque
400 1481 402 1486 ’
407 1481 551 1568 juvenili
579 1482 739 1564 sanguine
766 1499 949 1557 cruentata,
973 1483 1083 1568 jacent
1111 1488 1215 1555 veluti
1236 1492 1300 1556 flos

257 1589 444 1656 purpureus
479 1567 664 1650 improvida
695 1568 779 1632 falce
820 1567 974 1634 succisus.
1043 1571 1168 1636 Decori
1210 1593 1299 1640 artus

259 1655 409 1740 acephali
431 1671 508 1718 *non
536 1653 753 1725 tumulantur,
794 1654 852 1742 sed
881 1653 1059 1719 humantur
1086 1672 1222 1742 corpora
1254 1663 1305 1724 sio·

256 1745 457 1804 obtruncata.
514 1737 677 1820 Lapidum
706 1737 857 1798 cumulus
887 1737 1036 1817 objicitur
1061 1738 1137 1806 loco
1166 1749 1297 1823 tumuli,

240 1829 349 1908 ‘cttjus
384 1825 561 1890 eminentia
595 1841 701 1902 usque
737 1821 838 1886 hodie
866 1824 1119 1890 subterratorum
1151 1833 1297 1896 ostendit

255 1913 391 1976 cuilibet
424 1911 637 1992 sepulturam.
700 1907 911 2004 Quamquam
944 1905 1043 1981 babet
1076 1909 1189 1991 opinio
1224 1917 1296 1996 plu.

252 1999 429 2071 rimorum,
458 1994 548 2075 quod
577 1993 688 2056 fratres
714 1991 801 2054 illius
833 1990 909 2064 loci,
941 1995 998 2056 vel
1029 2015 1072 2058 ex
1100 1998 1294 2078 devotione,

194 2115 197 2122 »
251 2085 309 2148 vel
330 2081 450 2164 pietate
471 2093 617 2142 matema
639 2076 737 2150 ducti,
757 2096 818 2140 seu
840 2095 938 2156 prece
950 2077 1112 2158 pretiove·
1122 2088 1293 2163 commoti,

78 2193 81 2208 ·
168 2208 170 2221 ι
252 2188 326 2232 ossa
355 2162 527 2228 Corradini
555 2161 756 2240 clandestino
786 2159 1065 2241 erhumaveruut,
1106 2167 1201 2230 matri
1233 2173 1290 2234 mi·

248 2249 378 2320 secabili
398 2250 611 2316 destinarunt.
651 2317 653 2322 ,

331 2509 372 2573 Β.
426 2506 493 2568 Sub
533 2499 623 2566 istius
656 2513 805 2586 ternpore
838 2499 973 2566 Carolus
1013 2524 1073 2567 rex
1107 2508 1291 2587 praefatus

248 2593 324 2656 alias
359 2591 519 2674 impresso
553 2584 645 2674 gravi
680 2587 828 2666 pondere
863 2608 947 2650 onus
983 2589 1136 2665 addens„
1174 2610 1207 2656 et
1242 2596 1287 2660 de

158 2734 165 2748 ,,
245 2697 477 2762 perversorum
519 2691 655 2738 suorum
701 2669 837 2764 consilio
873 2693 981 2736 novos
1016 2695 1182 2744 novorum
1218 2700 1286 2764 gra.

245 2764 416 2825 vaminum
465 2761 583 2822 modos
633 2755 761 2818 invenit
807 2771 843 2820 et
884 2757 1052 2840 imposuit.
1104 2763 1286 2848 ‚Quidam

244 2840 342 2911 enim'
370 2867 413 2910 ex
447 2844 513 2908 suis
542 2843 680 2906 subdola
709 2839 918 2922 suggestione
945 2860 1124 2920 susurrant,
1168 2865 1202 2910 et
1230 2871 1285 2914 au-

80 2935 82 2947 '
139 2985 141 2994 ,
242 2952 295 2996 res
321 2931 426 3011 regias
453 2947 556 2994 vento
585 2927 725 2988 nitentes
761 2927 966 2990 adultatiouis
1000 2927 1156 3012 implere,
1200 2936 1284 3012 durp

239 3016 414 3082 uil·aliud
451 3014 613 3096 rogitant,
658 3009 718 3072 nisi
759 3031 833 3073 curn
875 3011 1003 3084 alterius
1043 3017 1109 3096 regi
1148 3018 1283 3098 placere
1355 3050 1358 3056 ·

234 3101 376 3186 iactura,
411 3097 523 3164 dicunt
550 3098 585 3160 ia
621 3113 763 3172 auresz„
801 3095 936 3162 domine
956 3097 1012 3186 lnti
1039 3121 1107 3174 rex,
1141 3105 1282 3168 forestas

237 3185 427 3254 innumeras
464 3201 663 3264 camposque
699 3181 848 3245 diversos
883 3200 917 3246 et
951 3195 1089 3246 nemora
1123 3189 1182 3250 sub
1226 3193 1281 3254 de·

232 3269 352 3352 densa,
403 3290 467 3344 nec
504 3289 581 3330 non·
612 3267 673 3336 alia
712 3265 837 3332 infinita
875 3267 976 3342 hodie
1013 3271 1149 3350 ragiunt*
1174 3273 1278 3340 habet

187 3403 192 3410 .
233 3349 439 3430 dominium
482 3352 663 3431 equibus,
706 3353 797 3430 quod
827 3365 876 3415 est
898 3353 971 3414 satis
994 3354 1158 3432 mirabile.
1201 3380 1277 3422 con·

235 3440 381 3506 sideratis
413 3441 583 3522 carpensis,
631 3455 712 3516 quas
745 3457 803 3515 pro
836 3434 874 3500 iis
908 3435 995 3500 curia
1017 3459 1133 3510 ¹nestra
1166 3443 1277 3522 subiit,

232 3528 324 3590 nulla
366 3523 536 3608 provenit,
586 3536 622 3586 ut
664 3523 815 3594 deberet,
866 3522 985 3596 utilitas
1028 3525 1106 3584 fisco
1131 3545 1274 3593 wespa.

231 3611 357 3680 Totum
387 3613 495 3675 forsan
526 3607 757 3678 commodum,v
771 3607 952 3688 ,omnisque
973 3607 1161 3674 fructuset·
1174 3633 1266 3690 usus,

229 3711 280 3760 est
309 3697 554 3778 magistrorum,
588 3691 845 3768 umssariorutnf
864 3696 1067 3771 aliorumque
1095 3700 1273 3772 custodum

176 3793 178 3803 “
229 3797 264 3842 et
298 3779 598 3846 credentiasiorurn:
618 3775 737 3842 curias.
796 3777 895 3852 Unde
931 3780 1097 3852 massarias
1133 3795 1269 3862 vestras,

228 3863 399 3946 Domine,
445 3879 648 3950 pertentas
686 3862 782 3944 regni
808 3883 898 3938 frum
933 3864 1041 3947 bouis.
1067 3864 1161 3942 siris,
1211 3870 1270 3947 qui

251 3969 253 3976 ·
831 3968 841 3983 ’
1070 3999 1072 4006 ,
1150 3971 1267 4020 massa-
