2792 4852
11 3345 14 3416 J
87 3326 223 3402 titudinis
232 3335 457 3408 conventum,
479 3332 554 3391 loco
571 3329 741 3410 campestri
755 3344 848 3410 Juxta
861 3331 1019 3392 Rhenum
1036 3329 1122 3389 lecta
1184 3369 1189 3378 „
1238 3316 1242 3341 ⁶

927 416 940 478 ἰ
1023 353 1099 514 adp
1163 351 1248 366 =-

71 618 165 670 turam
187 623 249 686 per
268 597 428 675 annulum
451 613 484 665 et
504 601 675 678 baculum,
698 597 919 685 011011εέ11οῗ,
941 599 977 666 111
998 596 1102 664 omni·

42 719 45 726 »
70 695 123 752 bus
141 687 284 754 ecclesiis
299 687 372 752 fieri
388 688 585 752 electionem
607 704 641 752 et
656 687 1101 758 liberamconsecrationem.
1143 739 1147 748 .

70 775 293 845 Possessiones
323 787 356 836 et
382 772 502 855 regalia
532 773 617 836 beati
645 773 751 848 Petri,
787 793 873 854 quae
893 795 921 836 ¹a
941 769 1101 853 principio
1133 774 1137 796 '

72 860 158 941 hujus
182 855 363 927 discordiae
387 877 493 938 usque
515 859 558 919 ad
579 858 774 922 hodiernam
795 859 893 933 diem,
916 857 987 920 sive
1005 855 1102 936 patris

72 946 129 1008 mei
146 961 307 1025 tempore,
329 941 400 1004 sive
418 943 515 1006 etiam
537 965 625 1018 meo,
648 945 752 1006 ablata
773 957 860 1018 sunt,
881 963 967 1037 quae
982 941 1106 1014 habeo,

72 1045 190 1094 sanctae
213 1032 387 1104 Romanae
411 1029 567 1092 ecclesiae
590 1029 743 1104 restituo,
780 1049 865 1110 quae
895 1027 1005 1090 autem
1033 1043 1104 1087 non

72 1115 186 1190 habeo,
207 1129 246 1176 ut
266 1112 490 1188 restituantur,
519 1113 662 1178 fideliter
692 1115 828 1196 J'uvabo.
871 1110 1104 1176 Possessiones

74 1200 160 1266 etiam
193 1198 344 1263 omnium
378 1159 588 1262 ecclesiarum
621 1193 766 1274 aliarum,
800 1197 1070 1292 etiprincipum
1072 1206 1109 1256 et

74 1281 201 1346 aliorum
232 1298 297 1344 tarn
320 1283 512 1346 clericorum
530 1303 640 1370 quam
670 1285 829 1348 laicorum
858 1281 995 1347 consilio
1023 1278 1108 1362 prin

74 1369 242 1450 tipumque
262 1367 417 1450 justitiae,
440 1389 519 1448 quas
530 1355 668 1442 habeo,
690 1370 836 1444 reddam,
859 1387 951 1450 quas
962 1387 1032 1428 non
1053 1365 1107 1426 ha
1222 1443 1227 1453 l

11 1451 12 1464 ’
74 1454 139 1529 beo,
159 1469 197 1516 ut
217 1455 397 1523 reddantur
414 1454 562 1528 fideliter,
581 1453 725 1535 J'uvabo;
747 1461 781 1518 el
797 1453 840 1521 do
859 1473 970 1517 veram
989 1468 1107 1546 pacem
1157 1500 1160 1516 2

56 1540 201 1614 ‹Calirto,
223 1552 422 1621 sanctaeque
437 1541 608 1602 Romanae
626 1537 794 1614 ecclesiae,
816 1553 849 1602 et
865 1538 1039 1611 omuibus,
1050 1527 1108 1614 qui
1193 1549 1195 1557 ‘
1233 1577 1236 1590 .
1260 1615 1265 1626 ι

21 1691 22 1698 J
75 1623 104 1686 in
122 1639 210 1706 parte
233 1623 334 1706 ipsius
358 1639 433 1686 sunt
456 1640 488 1686 et
508 1625 652 1698 fuerunt,
675 1624 763 1688 etin
786 1623 903 1704 quibus
922 1637 1031 1686 sancta
1043 1623 1109 1683 Ro
1148 1635 1151 1640 ·
1242 1651 1249 1662 ,

25 1773 47 1786 ¹,
76 1729 161 1773 mana
183 1708 323 1772 ecclesia
345 1707 502 1772 auxilium
525 1708 752 1790 postulaverit,¹
769 1707 910 1771 fideliter
926 1707 1065 1788 juvabo.

124 1795 223 1878 Ego
256 1789 400 1856 Galixtus
430 1813 546 1857 servus
576 1803 749 1856 servorum
778 1791 855 1870 Dei,
891 1792 1010 1856 dilecto
1038 1787 1109 1854 filio

76 1881 215 1942 Henrico
247 1876 316 1942 Dei
344 1879 442 1962 gratia
480 1881 708 1941 Romanorum
744 1875 930 1960 imperatori
961 1890 1110 1976 augusto,

21 2029 28 2038 ,
78 1965 215 2028 concedo
242 1963 420 2028 electiones
443 1963 672 2065 episcoporum
702 1977 736 2028 et
758 1963 911 2026 abbatum
933 1960 1120 2026 Teutonici.
1184 2016 1185 2022 ,

20 2072 22 2080 ·
51 2109 53 2132 3
77 2051 167 2132 regni,
190 2048 252 2130 qui
276 2051 327 2110 ad
337 2069 492 2132 regnum
500 2049 681 2130 pertinent,
704 2051 738 2112 in
760 2048 942 2150 praeseptia
963 2063 1018 2112 tua
1039 2039 1124 2110 iieri
1172 2085 1173 2092 1

17 2177 24 2197 .
79 2137 189 2214 absque
221 2133 365 2196 simonia
390 2150 424 2198 et
442 2135 571 2214 aliqua
590 2135 764 2207 violentia;
799 2149 832 2199 et
861 2133 888 2197 si
916 2155 1001 2216 quae
1025 2130 1112 2196 inter

80 2233 173 2302 partes
196 2218 360 2282 discordia
381 2219 565 2294 emerserit,
587 2221 829 2320 metropolitani
852 2237 890 2286 et
906 2217 1113 2302 comprovin-

81 2306 200 2368 cialium
234 2303 370 2368 consilio
399 2307 455 2368 vel
481 2303 617 2387 judicio,
640 2306 758 2371 saniori
781 2306 862 2386 parti
886 2325 1054 2369 assensum
1079 2317 1113 2366 et

15 2419 16 2422 ¹
81 2370 235 2453 auxilium*
247 2391 419 2489 praebeas,
447 2391 593 2454 Electus
591 2405 713 2463 autem
725 2390 864 2472 regalia
868 2411 928 2472 per
942 2401 1113 2470 ‘sceptrum

82 2491 138 2539 ate
153 2475 299 2558 recipiat,
322 2475 469 2576 exceptis
492 2463 655 2550 omnibus,
680 2479 773 2556 quae
790 2476 830 2538 ad
853 2478 1043 2553 Romanam
1064 2491 1113 2534 ec-

83 2561 201 2630 alesiam
227 2559 390 2643 pertinere
412 2565 607 2636 noscuntur,
643 2575 677 2624 et
705 2581 802 2641 quae
819 2581 861 2624 ex
890 2559 971 2622 his
959 2579 1033 2640 Jure
1057 2554 1114 2619 tibi

48 2646 181 2741 debet,
201 2644 330 2715 faciat.
352 2647 405 2709 Ex
428 2646 496 2710 aliis
519 2667 601 2710 vero
618 2644 765 2741 partibus¹
788 2645 927 2728 imperii,
949 2663 1115 2709 consecre-
1244 2724 1255 2731 η

33 2773 35 2780 ,
75 2744 126 2796 tus
153 2733 240 2794 infra
267 2749 327 2795 sex
355 2751 487 2796 menses
493 2729 636 2814 regalia
663 2744 724 2814 per
752 2736 916 2832 sceptrum
944 2746 1017 2793 ate
1039 2727 1117 2792 reci·
1185 2794 1187 2800 ,

84 2815 150 2897 piat.
193 2818 252 2880 De
282 2815 400 2898 quibus
430 2839 513 2880 vero
537 2816 778 2898 querimoniam
799 2816 880 2884 mihi
901 2817 1035 2891 feceris,
1070 2833 1124 2877 sec

16 2897 29 2957 ’ἶ
85 2904 222 2966 cundum
242 2902 340 2964 officii
362 2903 429 2966 mei
447 2902 605 2978 debitum,
627 2902 787 2964 auxilium
803 2923 917 2966 meum
935 2901 1117 2985 praestabo.
1192 2963 1196 2973 ,
1254 2933 1257 2944 ι

85 2985 135 3050 Do
161 2987 220 3052 tibi
243 3007 362 3051 ueram
390 3009 507 3070 pacem
536 3003 569 3051 et
598 2987 766 3063 omnibus,
802 2989 859 3070 qui
888 2989 922 3050 in
945 3003 1040 3070 parte
1062 2974 1137 3047 tua‘

86 3088 166 3150 sunt,
194 3089 251 3137 aut
272 3075 406 3136 fuerunt
428 3089 592 3172 tempore
598 3073 696 3161 hujus
722 3073 913 3136 discordiae
956 3075 1045 3134 Data
1066 3091 1150 3132 an·

13 3194 14 3200 1
87 3175 126 3218 no
152 3121 351 3224 ilominicae
380 3155 609 3221 incarnationis
642 3176 733 3224 1122
763 3161 828 3222 IX.
858 3159 926 3222 Cal.
954 3156 1119 3220 Octobris.

87 3241 281 3340 110101111οά1
300 3243 416 3324 scripta
432 3259 530 3325 atque
547 3241 709 3324 rescripta,
726 3257 858 3344 propter
876 3233 1025 3307 infinitae
1039 3240 1121 3302 mul

11 3411 15 3502 J
89 3427 172 3492 tunt,
205 3397 280 3476 data
312 3429 345 3478 et
366 3418 512 3495 accepta,
545 3431 685 3496 postque
706 3415 916 3477 multimodas
938 3413 1052 3476 laudes
1074 3431 1122 3474 re·
1176 3469 1178 3474 .

11 3509 15 3560 1
89 3515 154 3562 rum
174 3499 385 3584 gubernatori
405 3499 562 3574 redditas,
584 3499 752 3566 celebratis
775 3521 793 3560 a
816 3501 952 3564 domino
972 3488 1123 3562 Ostiensi

11 3829 17 3900 1

91 3583 200 3650 divinis
222 3583 450 3660 sacramentis,
479 3585 564 3659 inter
585 3603 670 3666 quae
694 3577 868 3650 dominum
888 3579 1122 3666 imperatorem

91 3687 159 3732 cum
185 3669 275 3770 pacis
304 3670 418 3732 osculo
447 3679 622 3752 sanctaque
650 3671 897 3749 communione,
932 3669 1136 3768 plenissime·

58 3755 316 3823 reconciliarit.
358 3755 553 3818 Discessum
581 3770 631 3820 est
659 3757 698 3817 ab
729 3757 882 3819 omnibus
905 3777 980 3818 cum
1003 3753 1165 3819 laetitia

92 3835 221 3906 infinita
261 3839 417 3904 Alterum
446 3861 580 3921 quoque
608 3841 658 3902 111
671 3841 755 3916 festo
783 3841 884 3904 sancti
904 3838 1039 3904 Martini
1061 3839 1155 3924 col-s

92 3917 244 4006 loquium
265 3927 442 4008 imperator
472 3945 548 3987 curn
579 3926 794 4008 principibus,
834 3925 893 4025 qui
922 3926 1035 4008 priori
1052 3945 1125 3990 non
1176 3991 1179 3999 ,

35 4011 228 4089 aderant,
244 4013 447 4118 Babenberg
474 4011 602 4088 habuit,
636 4013 692 4074 ubi
714 4027 752 4097 et
767 4011 887 4108 cunctis
910 4011 945 4076 in
965 4033 1039 4080 sua
1044 4028 1125 4076 vota

117 4137 134 4146 --
579 4137 583 4145 ι
1049 4089 1154 4160 00115
