2788 4854
849 577 866 612 N
912 581 918 609 l
1012 609 1014 614 .

106 655 141 706 et
162 605 360 732 quibusdam
383 629 451 704 allis
472 607 697 724 optimatibus.¹
733 635 954 707 Tsncredtts
950 625 1078 718 enim,
1066 637 1149 708 'sul
1227 649 1233 676 ¹

106 745 172 806 que
196 720 385 800 consiliarii,
414 745 487 792 rem
517 741 618 788 totam
647 728 687 786 ab
716 725 843 809 origine
864 741 1038 796 noverant,
1084 731 1150 804 Stq

13 858 17 867 .
105 812 236 893 pharius
264 807 442 876 Blesiensis
471 814 595 876 ebetati
629 810 684 890 qui
707 823 836 890 magna,
858 813 954 874 sieut
976 816 1149 891 asserebat,

106 899 261 960 detentus
293 895 556 966 invaletudine
573 897 616 958 ad
644 896 907 961 Alexandrotam
932 900 1148 964 recreationis

99 981 217 1062 gratia,
240 981 349 1043 donec
369 970 607 1053 convaluisset,
622 981 831 1044 dicesseratt'
856 981 1030 1046 mereins
1052 983 1149 1065 igitur

5 1119 7 1128 .
52 1093 58 1100 ·
105 1064 308 1128 Christianus
331 1066 468 1148 hujusce
489 1067 537 1129 rei
559 1068 724 1147 ignarus,
721 1067 807 1128 die·
804 1066 1091 1148 vesperascente
1092 1087 1148 1132 ca·
1195 1109 1199 1128 ι
1264 1089 1266 1103 ¹

105 1166 172 1212 stra
192 1171 341 1232 egressus
363 1166 430 1224 est3
452 1165 485 1214 et
507 1173 566 1233 per
586 1152 748 1232 quaedam
772 1152 871 1215 devm
885 1153 1148 1229 deductus,
1175 1186 1198 1219 ·,

5 1241 7 1306 ζ
105 1250 180 1300 rura
210 1237 361 1298 nondum
389 1235 616 1314 illucescente,
649 1251 752 1318 prope
782 1236 947 1302 civitatem
975 1255 1034 1316 per
1058 1255 1149 1300 cotti·

105 1321 271 1401 pendisse
280 1321 464 1418 repedavit
487 1322 687 1390 diverticula.
731 1321 949 1384 Boamtrntlus
971 1339 1081 1386 autern
1100 1325 1148 1388 itt-¹
1238 1365 1256 1387 ·,

5 1417 7 1448 l
87 1405 215 1485 Ιιιιιίιι,
237 1407 305 1468 suis
326 1405 535 1468 familiaribus
558 1407 741 1472 ιιιιιιάιιιὶιι
749 1407 875 1483 „banc
897 1421 1006 1487 quam·
1019 1408 1182 1504 praepc'

13 1497 16 1504 '
42 1555 43 1558 ,
106 1490 196 1564 ravi,
218 1507 315 1554 muro
337 1492 383 1552 illi
406 1513 519 1592 quern
530 1493 676 1566 cernitis,
706 1495 886 1574 prudenter
907 1494 1080 1574 apponite
1075 1509 1149 1572 sce!

107 1575 172 1638 lem
206 1590 240 1638 et
274 1576 420 1640 taciturni
453 1578 617 1659 sapienter
649 1597 709 1638 vos
743 1578 845 1674 agite,
879 1591 912 1640 et
944 1575 1159 1642 confidentes

109 1661 295 1730 ascendite·
308 1663 420 1744 Faciet
442 1681 503 1726 vos
525 1677 611 1725 tutos
633 1663 743 1724 Pirrus
762 1662 884 1724 amicus
903 1679 1023 1746 nester,
1046 1664 1149 1742 inque

109 1743 172 1808 tuis
195 1747 335 1809 turribus
358 1747 570 1828 potestativos
592 1747 763 1810 collocabit
785 1765 883 1808 vos.
892 1739 1028 1810 Filium
1051 1765 1148 1810 suum
1171 1792 1173 1796 -

104 1849 240 1893 mecum
263 1833 416 1904 obsidem
438 1833 578 1912 habeo
600 1834 677 1894 Vos
700 1848 820 1904 autern,
850 1833 1024 1913 postquam
1043 1833 1149 1894 surt'es

110 1916 354 1996 ascenderitis,
370 1933 440 2001 rem
462 1905 622 1998 reliquam
645 1917 788 2000 peragite
808 1915 933 1998 gladio
972 1919 1094 1980 Nullus
1114 1917 1150 1978 ti-

96 2017 207 2076 -ιιιιιιι,
229 2023 331 2066 nemo
354 1994 499 2084 stupenti
525 2005 611 2066 scula
632 2022 727 2064 muro
751 2001 901 2082 adjuncta
923 2016 1023 2064 estet
1042 1999 1171 2100 vincta„
1334 2055 1337 2080 ‚

111 2105 186 2148 cum
207 2083 461 2168 propugnaculis
485 2090 636 2170 desuper.
681 2025 860 2168 Propeiute
880 2086 989 2170 igitur
1001 2101 1034 2149 et
1052 2082 1156 2150 intre-
1185 2094 1188 2101 '
1233 2152 1235 2160 ⁴

110 2172 180 2254 pidi
203 2174 381 2236 ascendite
390 2178 413 2212 “
453 2173 618 2238 Ascendit
646 2172 769 2256 primus
799 2171 933 2252 quidam
955 2173 1150 2270 Longpbst·
1183 2175 1185 2182 ’
1236 2229 1238 2232 .

109 2257 187 2333 tius,
209 2257 352 2322 nornine
352 2220 541 2344 ergarus,
569 2281 639 2321 non
663 2275 771 2320 tamen
795 2257 931 2320 omnino
950 2255 1150 2337 intrepidus:

110 2361 171 2406 nec
195 2342 331 2416 mirum,
364 2362 440 2406 cum
469 2359 505 2408 et
531 2346 573 2406 de
602 2343 787 2425 proditione
810 2344 956 2414 timeret,
989 2353 1086 2436 atque
1110 2343 1151 2401 atl

109 2427 211 2489 loca
203 2427 369 2518 incognita
375 2425 650 2501 transcenderet,
681 2441 715 2490 et
736 2425 780 2488 de
799 2424 1000 2504 quibuslibet
1022 2426 1149 2489 evernis

109 2512 308 2588 formidaret,
331 2530 368 2576 ac
389 2513 501 2576 mortis
523 2515 691 2576 horrorem
713 2510 774 2572 sibi
796 2527 1003 2591 praesentem
1020 2526 1151 2590 semper

108 2596 346 2680 immaginaret.
406 2598 603 2678 Subsequuti
636 2610 713 2660 sunt
744 2611 855 2659 tamen
888 2613 966 2660 eum
998 2594 1151 2662 homines
1230 2669 1232 2680 Ι

109 2683 200 2746 fere.
209 2683 392 2765 sexagintas
428 2685 550 2764 quibus
581 2683 826 2782 diligentissime
855 2681 966 2742 Pirrus
995 2680 1151 2754 collectis,

113 2782 210 2849 atque
233 2768 299 2830 suis
315 2770 355 2830 in
377 2770 516 2834 turribus
538 2765 719 2842 collocatis,
742 2783 915 2848 postquam
938 2765 1020 2827 vidit
1042 2765 1165 2846 ρΙιιιιι“
1195 2843 1199 2852 f

51 2877 53 2882 ·
113 2871 252 2916 numero
274 2869 483 2934 nequaquem
501 2847 762 2934 subsequentes,
782 2867 930 2916 materna
952 2851 1071 2914 dixisse
1093 2851 1152 2915 let

68 2989 69 2999 ,
114 2953 163 3001 tur
182 2940 311 3038 lingua:
334 2940 495 3018 „Mithra
518 2941 662 3000 Francos
688 2937 876 3022 echome,“
899 2935 1049 3000 honest:
1072 2935 1150 3014 heu,
1172 2931 1199 2987 ·'

114 3022 193 3087 heu!
217 3039 338 3104 paucos
361 3025 521 3087 habemus
543 3025 697 3086 Francos.
740 3023 931 3085 Verebatur
952 3023 1052 3094 enim,
1075 3041 1154 3100 quo
1241 3041 1243 3054 ¹
1337 3029 1338 3042 ¹

114 3128 198 3174 utam
223 3111 357 3187 quidem
380 3109 476 3191 pauci
498 3123 589 3172 etant
611 3111 651 3176 ad
674 3107 940 3184 defendendum,
962 3107 1088 3168 nedum
1112 3107 1171 3176 ad·
1268 3137 1270 3144 ι

79 3193 86 3214 ”
114 3195 424 3278 congrediendum,
450 3215 494 3258 ne
516 3194 562 3268 illi
585 3207 659 3258 cum
683 3191 810 3272 ipsein
833 3209 949 3250 manus
971 3189 1153 3264 inciderent

44 3351 49 3362 ³
114 3281 308 3345 Tuscorum.
347 3276 397 3344 In
418 3268 654 3343 Boarnundunt
677 3297 766 3361 ergo,
791 3291 944 3364 tapquatn
968 3275 1153 3356 inelioemi

116 3379 178 3438 tarn
201 3381 234 3428 et
257 3381 410 3445 segnem,
448 3383 540 3426 suam
561 3364 771 3443 retorquebat
793 3337 978 3438 qtierelam,
1007 3379 1153 3439 eumque

115 3448 335 3514 amicabilibus
363 3450 519 3512 conviciis
548 3449 735 3512 lacessebat.
792 3443 976 3508 Descendit
1004 3465 1187 3524 praepro
1229 3499 1232 3506 .

114 3555 210 3620 perus
233 3535 289 3604 ill·
310 3531 616 3618 Longoberdttsstr
621 3555 655 3597 er
677 3551 775 3611 quam
800 3530 939 3610 primum
963 3531 1155 3604 ascenderat
1256 3584 1261 3595 .

13 3613 17 3623 ⁹
80 3639 82 3642 ·
115 3625 250 3694 scalam,
286 3619 433 3700 dixitque
454 3620 589 3694 eminus
619 3617 802 3698 expectanti
825 3615 1039 3694 Boamundpt
1074 3615 1153 3694 quid

15 3708 18 3721 ’
83 3751 85 3756 -
115 3707 217 3804 agis?
236 3721 278 3765 en
307 3703 453 3770 dormis?
486 3703 577 3767 mitte
611 3721 693 3782 quos
726 3699 885 3762 velociter
918 3699 1073 3760 missurus
1107 3717 1155 3774 es,
1192 3752 1195 3755 ,

116 3788 271 3892 qupnia'tn
291 3789 360 3870 J'mn
381 3789 554 3866 indemnes
577 3785 777 3850 obtinuimus
800 3799 863 3847 tres
885 3785 1040 3851 Turres
1061 3783 1155 3848 Alio·
1205 3838 1209 3846 .
1253 3792 1255 3804 '

31 3945 33 3956 ,
116 3879 195 3958 quin
223 3890 258 3938 et
280 3893 349 3973 eos²
378 3890 419 3937 et
433 3875 598 3972 civitatem
620 3887 665 3936 et
676 3871 818 3934 emicunt
841 3883 944 3943 tuum,
973 3868 1031 3947 qui
1053 3883 1153 3950 totam

116 3975 219 4043 spem,
241 3974 275 4022 et
296 3979 439 4022 animam
460 3975 552 4022 suam
574 3957 609 4020 in
630 3956 742 4019 sinum
761 3970 854 4018 tuum
873 3955 1040 4035 expandit,
1065 3957 1156 4020 amis·

114 4045 178 4122 isti,
221 4041 386 4118 hastatus
383 4058 461 4124 cst,
489 4056 525 4113 et
546 4042 702 4139 quicum
724 4061 765 4108 eo
788 4053 911 4118 erant,
922 4041 1155 4132 Boamundust

912 4165 919 4182 ι
1121 4140 1156 4192 el
