2788 4854
1032 435 1102 528 cdl
1157 479 1160 487 ι

176 583 199 595 '⁴
841 575 850 600 Ι

83 595 218 706 tudinem
251 636 453 714 animorum,
499 635 672 721 agilitatem
713 614 906 719 corporum,
950 619 1105 716 uir'mtcrir

84 723 287 786 humiliandi
284 718 453 788 verticem
486 723 592 806 capilli
621 721 727 786 vobis
752 721 1013 802 resistentium?
1032 727 1106 786 Mo·

83 819 172 874 terat
201 827 294 884 vos,
308 826 340 872 et
372 809 507 872 incitent
538 809 665 871 animos
698 825 824 872 vestros
847 798 889 870 ad
910 807 1106 884 virilitatem,
1156 844 1158 850 s
1235 823 1237 830 ’

57 896 159 977 'gesta
189 895 501 978 praedecessorum,
535 890 686 992 probitas
709 910 741 957 et
772 893 988 976 magnitudo
997 896 1108 958 Gdroll

85 980 181 1078 magni
202 980 302 1062 regis,
331 995 363 1044 et
384 975 547 1042 Ludovici
569 979 627 1040 filii
649 979 739 1059 eJ'us,
765 979 969 1062 aliorumque
990 995 1107 1062 regum
1152 1035 1155 1050 ,
1228 979 1233 986 ’

27 1139 31 1144 J
87 1048 273 1128 risuorum:
310 1064 365 1144 qui
394 1085 493 1146 regna
521 1067 706 1126 Tuscorum
737 1065 981 1138 destruxerunt,
1016 1068 1107 1128 etin

86 1150 124 1215 cis
151 1151 234 1214 lines
266 1165 396 1218 sanetae
429 1147 586 1212 ecclesiae
621 1149 848 1210 dilataverunt.
911 1151 1112 1233 Praesertim¹

86 1249 205 1300 moveat
245 1255 307 1298 ros
334 1251 481 1298 sanctum
514 1233 650 1297 Domini
678 1223 779 1295 nostri
805 1235 974 1296 salvatoris
1003 1237 1108 1316 sepul-

8 1336 20 1364 ··
88 1321 197 1396 cirrum,
219 1321 310 1403 quod
331 1323 371 1381 ab
393 1319 571 1382 immundis
593 1318 744 1402 gentibus
766 1319 960 1400 possidetur,
983 1336 1015 1383 et
1036 1321 1108 1381 loca

21 1438 24 1447 ·
89 1421 189 1482 sancta,
212 1425 297 1486 quae
318 1425 407 1466 nuuc
429 1405 604 1471 inhoneste
627 1417 815 1478 tractantur,
838 1417 871 1466 et
891 1405 1110 1468 irreverenter

89 1509 188 1572 eorum
216 1490 435 1555 immundiciis
464 1491 679 1566 sordidantur,
718 1491 755 1552 Ο
779 1477 944 1552 fortissiini
981 1488 1108 1568 milites,
1158 1520 1160 1527 .

8 1583 14 1596 '
90 1591 115 1638 et
137 1575 332 1638 invictorum
361 1595 507 1672 propago
536 1590 726 1658 parentum,
762 1575 863 1638 nolite
845 1576 1109 1676 edegenerare,
1166 1596 1174 1614 ι

28 1681 44 1713 ἰ
90 1661 135 1722 sed
155 1661 288 1725 virtutes
315 1662 477 1740 majorum
498 1675 682 1723 vestrorum
703 1659 957 1722 reminiscimini.
1008 1661 1110 1749 Quod

72 1746 109 1810 .ιὶ
126 1765 197 1809 vos
204 1747 319 1809 charus
340 1747 497 1807 librorum
519 1761 552 1814 et
573 1761 747 1844 parentum
775 1757 808 1806 et
829 1745 1007 1826 conjugum
1037 1765 1111 1806 con

91 1829 155 1894 tinet
176 1833 321 1907 affectus,
343 1851 387 1894 en
409 1829 552 1913 recolite,
574 1831 695 1909 quod
687 1849 722 1890 ιιι
745 1829 918 1912 evangelio
941 1829 1025 1890 dicat
1041 1833 1111 1892 Do
1173 1827 1175 1832 ’

58 1913 61 1922 ’
90 1917 197 1978 ιιιιιιιιιι
230 1917 315 1996 „qui
338 1930 423 1978 amat
443 1931 568 2014 patrem
592 1931 646 1976 aut
668 1914 804 1977 matrem
827 1933 925 1996 super
945 1935 1017 1991 me,
1040 1935 1110 1976 ιιοιι

22 2008 32 2024 ”
90 2019 129 2063 est
150 2023 205 2066 me
235 2001 363 2080 dignus.
420 1998 554 2075 Omnis,
588 2000 644 2079 qni
671 1999 837 2080 reliquerit
867 2001 1021 2074 domurn,
1056 2013 1111 2062 aut

89 2101 227 2174 patrem,
232 2102 286 2149 aut
308 2088 461 2160 matrem,
485 2102 539 2148 aut
559 2105 714 2160 uxorem,
737 2101 791 2150 aut
812 2085 907 2160 filios,
930 2099 985 2146 aut
1007 2102 1122 2167 agros,
1193 2135 1196 2145 ,

91 2188 207 2252 propter
233 2180 358 2236 nomen
388 2191 524 2248 rneump
551 2172 741 2252 centuplum
771 2171 921 2251 accipiet,
955 2184 987 2233 et
1010 2173 1110 2232 vitam
1163 2227 1167 2235 .

20 2299 24 2316 .
91 2271 239 2320 aeternam
262 2257 468 2356 possidebit.
480 2259 579 2318 Non
602 2277 679 2317 vos
685 2255 1111 2354 protrahatullapnssessio,
1181 2280 1232 2318 ⁸.

90 2342 144 2404 ulla
163 2343 208 2406 rei
226 2330 389 2404 familiaris
407 2339 601 2414 sollicitudo,
624 2341 779 2420 quoniam
797 2355 879 2402 terra
898 2341 988 2414 haec,
1011 2361 1111 2419 ‹Juam

16 2458 21 2470 ·
91 2423 275 2502 inhabitatisJ
307 2429 453 2489 clausura
484 2426 578 2486 maris
606 2425 755 2504 undique
783 2440 816 2491 et
840 2424 933 2506 jugis
948 2426 1111 2496 montium
1183 2443 1193 2452 ·
1374 2501 1381 2514 ι

92 2510 280 2588 circumdata,
300 2512 534 2576 numerositate
556 2523 663 2573 vestra
685 2524 921 2592 coangustatur,
937 2529 1000 2574 nec
1018 2509 1112 2608 copia

92 2595 259 2661 divitiarum
282 2601 453 2673 exuberat,
485 2610 519 2660 et
548 2596 605 2658 vix
632 2597 700 2658 sola
724 2595 877 2658 alimenta
895 2593 963 2657 suis
986 2587 1112 2657 cultori·

92 2681 142 2742 bus
164 2681 369 2746 administret.
403 2679 490 2745 Inde
512 2695 571 2753 est3
590 2681 683 2762 quod
706 2699 767 2742 vos
789 2679 932 2748 invicem
955 2680 1111 2744 mordetis

93 2781 119 2826 et
138 2753 318 2838 comeditis',
340 2768 424 2831 bella
450 2769 607 2854 movetis,
630 2783 662 2830 et
684 2767 880 2864 plerumque
901 2765 1022 2828 mutuis
1044 2767 1114 2829 vul·

93 2852 210 2916 neribus
232 2839 385 2916 occiditis.
429 2852 595 2918 Cessent
588 2853 687 2938 igitur
706 2852 790 2915 inter
811 2871 872 2913 vos
896 2850 985 2926 odia,
1014 2851 1125 2914 conti:
1196 2847 1204 2920 ’,

32 2937 50 2994 '.
93 2953 206 3006 cescant
224 2939 345 3021 jurgia,
377 2937 463 3000 bella
485 2939 667 3019 quiescant,
698 2955 730 3000 et
752 2935 848 2998 totius
871 2937 1112 3002 controversiae
1205 2993 1208 3000 ,

94 2961 308 3096 dissensiones
321 3022 496 3102 sopiantur.
539 3021 641 3084 Viam
665 3023 770 3084 sancti
786 3022 961 3102 sepulchri
971 3020 1112 3103 incipite,
1171 3070 1174 3078 ,

52 3107 53 3110 ’
94 3108 304 3170 terramillam
326 3107 470 3170 nefariae
492 3108 583 3190 genti
601 3108 738 3182 auferte,
762 3127 901 3184 eamque
924 3107 1018 3168 vobis
1042 3112 1113 3170 sub
1147 3155 1152 3174 .
1185 3111 1187 3121 ’

91 3185 176 3266 jicite.
216 3195 319 3256 Terra
341 3191 395 3254 illa
416 3193 488 3254 liliis
512 3195 612 3254 Israel
635 3215 650 3253 a
669 3193 777 3254 Deo
768 3211 803 3252 ιιι
825 3205 1018 3273 potestatem
1041 3194 1114 3255 data

93 3273 158 3351 luit,
190 3273 272 3340 sicut
299 3279 453 3358 scriptura
481 3277 588 3352 dicit,
608 3297 695 3369 qnae
704 3267 808 3339 lacte
842 3292 875 3340 et
906 3279 1005 3340 melle
1033 3277 1113 3340 fluit.

32 3361 57 3428 ’,
93 3359 292 3428 Hierusalem
318 3359 490 3424 umbilicus
519 3379 569 3428 est
596 3377 768 3435 terrarum,
802 3377 884 3424 terra
905 3383 982 3443 prae
1001 3361 1114 3425 ceteris

94 3444 259 3522 fructifera,
294 3449 383 3527 quasi
414 3451 494 3512 alter
521 3445 685 3556 paradisus
709 3447 907 3512 deliciarum.
948 3449 1048 3510 -Hanc
1070 3469 1116 3511 ι-ιι

94 3528 243 3612 demptos·
260 3532 395 3594 ιιιιιιιιιιι
422 3535 551 3615 generis
566 3537 640 3596 suo
669 3517 839 3594 illustravit
861 3533 1029 3606 adventu,
1065 3534 1116 3596 de

59 3693 60 3700 ἴ
94 3617 203 3679 coravlt
224 3615 485 3716 conversatione,
508 3619 643 3681 sacravit
664 3619 825 3699 passione,
848 3633 952 3680 morte
967 3617 1116 3714 redemit,

94 3703 276 3782 sepultura
266 3701 444 3802 insignivit.
686 3727 702 3754 „
1108 3744 1113 3754 ,

166 3789 262 3850 Haec
270 3787 385 3884 igitur
414 3786 525 3849 civitas
553 3787 703 3885 regalis
694 3807 729 3848 ιιι
752 3787 837 3850 orbis
860 3747 989 3850 medio
1003 3787 1118 3889 posita,

77 3887 171 3936 nunc
192 3894 211 3934 a
229 3870 295 3934 suis
317 3859 464 3934 hostibus
486 3871 613 3954 captiva
642 3889 786 3949 tenetur,
819 3887 859 3943 et
882 3873 958 3936 ab
950 3871 1120 3958 ignoranti

94 3953 158 4017 bus
166 3959 313 4032 Deum,
317 3955 392 4020 ritui
413 3958 559 4039 gentium
583 3957 759 4020 ancillatur.
804 3959 976 4059 Quaerit
968 3960 1064 4042 igitur
1088 3976 1121 4026 et

99 4053 178 4121 optat
197 4041 335 4122 liberari,
358 4059 391 4106 et
404 4058 440 4104 ut
453 4063 484 4106 er
474 4043 706 4166 subveniatis,
728 4063 796 4140 nou
819 4059 922 4109 cessat
942 4043 1121 4129 imprecari.

1082 4129 1173 4225 A..
