2788 4854
877 382 1170 516 fot

92 597 352 684 urgiutem,et
391 591 559 660 avaritiam
597 589 767 677 quoddam
799 593 949 660 medium
982 595 1120 671 habens

90 686 246 778 Principes
282 703 366 748 vero
402 681 610 748 dilectatione
647 683 764 746 bonae
793 683 902 746 famae
940 676 1138 782 largissimi
1246 668 1250 680 ’

90 775 159 854 gens
181 768 304 832 adulari
325 766 442 842 sciens,
463 763 704 858 eloquentiae
693 787 732 828 tn
752 750 893 832 alodiis
883 766 1066 834 inserviens
1086 766 1121 826 in

91 870 214 929 tantum,
236 867 274 916 ut
294 852 393 918 etiam
396 851 502 952 'ipsos
525 871 646 950 pueros
668 850 764 932 quasi
785 853 933 919 rhetores
956 853 1120 916 attendam

91 961 163 1021 quae
185 925 332 1020 quidem
342 935 405 1000 nisi
424 941 515 1020 jugo
531 933 674 1018 justitiae
703 951 884 1018 ιιιιιιιιιιιιι,
917 933 1122 1002 eistenatissi

91 1047 134 1088 ma
155 1041 213 1090 est.
266 1021 415 1098 Laboris,
436 1021 579 1096 inediae,
602 1020 735 1103 algoris,
757 1022 814 1084 ubi
833 1023 966 1086 fortuna
987 1021 1121 1120 expetit,

92 1109 214 1191 patiens.
263 1107 468 1182 Venationi,
507 1105 693 1188 accipitrum
733 1105 887 1172 exercitio
920 1105 1121 1172 inservienst

34 1219 37 1226 ·
94 1209 241 1292 equorum
278 1203 550 1272 caeterorumque
582 1191 752 1259 militiae
743 1180 1054 1268 instrumentorum,
1089 1205 1123 1258 et

30 1310 34 1323 ι
91 1277 222 1344 vestium
239 1277 374 1344 luxuria
394 1279 606 1350 delectatur.

161 1365 215 1425 Ex
236 1362 375 1428 noinine
397 1361 510 1448 itaque
519 1381 607 1437 suo,
640 1375 744 1429 terrae
771 1382 909 1428 nomen
919 1360 1121 1442 indiderunt.
1167 1421 1173 1433 ,

93 1449 186 1514 North
204 1448 330 1547 quippe
346 1447 490 1530 Anglica
505 1430 642 1529 lingua,
664 1447 860 1532 aquilonaris
881 1447 977 1548 plaga
999 1437 1127 1528 ιιιοιιιιι,

92 1549 119 1598 ct
136 1533 209 1614 quia
230 1533 294 1615 ipsi
316 1535 356 1596 ab
380 1531 536 1613 aquilone
560 1547 751 1632 venerant,
766 1547 884 1596 terram
902 1532 1006 1614 ipsam
1026 1529 1124 1596 edam

93 1617 321 1684 Normanniam
351 1619 566 1701 appellarunt.
622 1619 668 1682 In
699 1619 793 1701 eujus
826 1616 962 1698 quidem
994 1621 1124 1715 provin

93 1703 132 1766 cia
150 1703 265 1768 civitas
287 1719 348 1784 est,
369 1723 456 1786 quae
478 1702 730 1770 Constantinum
753 1701 939 1778 dicitur,1u
954 1721 1050 1784 cujus
1066 1716 1126 1767 ter·

93 1787 189 1856 ritorio
211 1788 294 1854 villa
314 1805 381 1864 est,
414 1808 499 1870 quae
522 1785 682 1851 Altavilla
702 1787 927 1870 nuncupatur:
959 1809 1031 1888 non
1058 1786 1126 1868 qui·
1217 1857 1231 1878 .-

94 1873 159 1936 dem
188 1888 318 1936 tautum
347 1893 407 1956 pro
435 1871 632 1938 excellentia
660 1871 796 1956 alicujus
825 1872 962 1949 montis,
994 1871 1029 1935 in
1057 1891 1125 1954 quo

95 1959 145 2021 sita
162 1957 216 2022 sit:
247 1960 307 2024 sed
329 1957 503 2040 quoniam,
526 1974 563 2022 ut
583 1957 763 2036 credimus,
785 1958 895 2040 aliquo
917 1953 1061 2041 auspicio
1084 1957 1126 2020 ad

95 2029 381 2108 considerationem
413 2043 634 2126 praenotantis
667 2061 846 2119 eventum,
882 2057 918 2110 et
931 2059 1126 2126 prosperos

27 2193 31 2200 ,
95 2147 265 2228 cumesses
275 2129 425 2216 ejusdem
445 2130 543 2193 villae
564 2129 770 2194 futurorum
765 2111 963 2204 haeredum,
985 2129 1053 2192 Dei
1075 2129 1128 2193 ad

93 2211 201 2294 jutorio
224 2228 261 2280 et
282 2233 341 2286 sua
363 2213 562 2289 strenuitate,
584 2215 742 2298 gradatim
764 2213 883 2278 altioris
905 2213 1041 2278 honoris
1064 2214 1128 2276 cul·
1180 2229 1182 2236 ’

30 2287 36 2314 ‘
95 2317 162 2368 men
191 2299 432 2366 scandentium.
475 2301 563 2362 Nam
591 2299 789 2373 nescimus,
797 2315 906 2362 utrum
935 2297 971 2362 in
998 2319 1128 2380 praece·
1232 2356 1235 2363 .

31 2445 33 2455 ,
96 2383 239 2452 dentibus
268 2385 448 2469 partibus,
461 2385 518 2452 vel
541 2399 627 2448 certe
650 2385 685 2447 in
706 2397 821 2465 postea
843 2382 959 2446 futuris
982 2381 1128 2448 haeredi·
1217 2429 1236 2455 ,ι

95 2469 162 2544 ιιι,
193 2483 252 2534 aut
280 2469 377 2562 etiam
407 2471 442 2534 in
470 2467 618 2549 utrisque
645 2469 758 2531 divina
779 2466 1003 2550 providentia.
1036 2469 1128 2548 quod
1209 2513 1212 2519 ·

97 2553 149 2630 sibi
168 2554 348 2638 placeret
339 2551 531 2638 inspiciens,
560 2553 751 2618 haeredes
743 2573 830 2636 ipsos
853 2552 889 2616 in
910 2567 1035 2618 tantum
1054 2561 1130 2635 pto

96 2639 189 2716 v'exit,
221 2655 262 2702 ut
291 2641 375 2704 sicut
395 2639 554 2706 Abrahae
580 2638 814 2721 repromissum
836 2653 903 2719 est,
936 2637 1129 2722 ingentem

96 2742 242 2806 magnam
262 2741 462 2801 crescentes,
497 2741 531 2790 et
552 2745 650 2788 suum
671 2723 848 2806 imperium
876 2723 975 2788 armis
998 2723 1129 2790 dilatan

95 2821 153 2884 tes,
185 2810 364 2896 multarunt
397 2810 563 2892 gentiam
560 2809 634 2878 sisi
666 2811 751 2872 colla
782 2809 1003 2888 subdiderint,
1037 2810 1130 2892 quod

54 2928 59 2933 ·
97 2895 242 2974 paulatim
265 2886 514 2978 perstringendo
537 2897 621 2978 stylo
643 2915 894 2978 prosequemur.

169 2983 251 3053 Erat
281 2981 376 3044 miles
409 2981 544 3064 quidam
580 2979 736 3062 praeclari
774 2983 973 3046 admodum
989 2977 1132 3065 generis,

97 3063 146 3145 qui
161 3069 229 3132 ab
277 3066 535 3130 antecessoribus
581 3065 647 3128 tuis
694 3065 921 3133 haereditario.
953 3067 1029 3160 jum
1067 3067 1134 3168 pigi
1169 3059 1182 3098 .’
1245 3109 1250 3122 ,

97 3146 173 3214 hanc
204 3151 319 3216 villam
350 3151 496 3217 relictam
516 3149 713 3234 possidens,
749 3151 972 3214 'tancredus
960 3149 1135 3231 nomine,

98 3235 180 3298 duait
200 3255 352 3310 uxorem,
384 3234 530 3302 moribus
564 3250 597 3300 et
623 3254 746 3318 genere
780 3221 987 3317 splendidam
1013 3237 1135 3300 mulie

97 3335 179 3406 nm,
215 3341 259 3384 ex
293 3339 363 3403 qua
390 3320 510 3403 legali
522 3320 731 3386 successione
765 3339 947 3418 annprum,
985 3321 1136 3402 quinque

98 3395 189 3480 lilios,
223 3420 339 3488 postea
367 3406 494 3470 iirturos
528 3405 675 3482 comites,
702 3405 891 3486 suscepits
915 3405 1135 3472 Guilielmurn

41 3505 43 3508 ·
99 3487 247 3554 videlieet
268 3490 467 3573 cognomine
488 3491 610 3557 Ferlea
635 3489 776 3566 brachia,
794 3493 1015 3574 Diogenem,
1026 3490 1136 3555 Huni-

98 3570 244 3651 fredum,
288 3576 495 3642 Gauftedum
534 3591 568 3642 et
607 3577 791 3641 serlonem.
857 3577 994 3640 Horum
1028 3569 1138 3640 ma'tre

28 3681 33 3690 ·
100 3657 262 3760 delupcta,
296 3679 379 3724 cum
410 3659 481 3742 ipsa
513 3676 604 3724 aetas
634 3661 742 3725 adhuc
769 3658 889 3746 viridis
923 3659 1005 3759 patri
1038 3659 1138 3722 conti·

99 3745 238 3811 renuam
259 3745 455 3827 denegaret,
466 3745 654 3846 ⁸honestus,
675 3725 870 3810 inhonestos
893 3745 999 3812 coitus
1021 3746 1136 3810 abhor-

100 3845 177 3905 rens,
198 3831 360 3896 secundm
380 3829 511 3917 nuptias
524 3831 722 3908 celebravit,
742 3832 870 3894 malens
892 3851 977 3907 una,
1006 3845 1040 3894 et
1060 3829 1137 3914 legi·

99 3910 169 3978 tina
188 3935 274 3990 esse
298 3929 481 3991 contentus,
523 3937 624 3996 quam
650 3916 754 3982 foedo
783 3915 1043 3984 concubinarum
1073 3937 1138 3984 am·

95 3995 192 4076 plexu
219 4000 390 4134 maculari,
424 4020 553 4084 memor
581 4001 698 4088 illius
685 4000 871 4086 apostolici
901 3999 993 4072 dicti.
1037 4020 1138 4066 unus

989 4087 1162 4174 quisque
