2824 4854
248 387 368 491 ‘tes'
505 431 523 488 a

233 587 337 656 “nec
359 578 553 656 verbis'tuis
577 589 740 656 siieniium
761 572 1097 658 accommodandum
1116 594 1205 663 filius
1225 595 1312 666 enim

131 669 136 687 ’
184 744 187 748 ,
275 699 310 743 es
335 677 520 759 proditoris,
540 678 736 757 judicialiter
763 679 911 742 in-curia
933 679 1059 742 domini
1082 681 1148 744 mei
1171 684 1313 748 convicti

272 781 307 828 et
327 763 488 844 suspensi,
513 764 605 844 cujus
627 776 671 849 tu
684 782 827 842 sequens
846 759 991 846 vestigia,
1014 765 1125 830 niteris
1143 768 1312 848 patrizare.
1400 787 1408 796 “

271 850 366 912 Siluit
394 849 491 929 igitur
518 847 572 911 ille
601 864 785 926 astruatur,
812 847 953 930 amplius
977 849 1095 916 mutire
1118 873 1311 931 necamus,

271 935 544 1016 necpermissns.
593 934 793 1013 Eodemque
815 934 917 996 modo
940 937 1149 1015 quorundam
1172 938 1311 1002 aliomm
1355 947 1361 962 ’

257 1019 503 1095 ¹accusationes,
537 1033 602 1080 tant
630 1020 809 1098 prudenter
836 1038 935 1098 quam
970 1021 1139 1084 audacter·
1154 1021 1331 1088 contradi-¹

257 1105 379 1170 ,nendo
421 1101 559 1169 cassavit
600 1097 753 1185 mdg'ister
794 1103 1005 1190 Thagidaeus.
1063 1107 1310 1174 Verumtamen

243 1211 345 1252 tcum
370 1211 387 1251 a
410 1191 518 1252 multis
547 1190 582 1250 in
609 1187 691 1250 mari
716 1191 963 1252 submersorum
983 1204 1018 1254 et
1037 1190 1310 1258 incarceratorum

270 1275 522 1357 consanguineis
546 1289 578 1336 et
600 1272 727 1348 amicis,
761 1291 932 1355 resumpto
961 1275 1069 1338 adbuc
1097 1297 1254 1347 sermone
1277 1296 1310 1356 et

268 1361 384 1442 spiritu
402 1361 574 1431 redivivo,
608 1377 651 1421 eo
680 1357 797 1420 fortius
824 1373 859 1422 et
880 1356 1116 1438 confidentius,
1149 1380 1221 1450 quo
1239 1365 1309 1447 jam

257 1448 418 1507 devorem
450 1445 520 1525 ejus
550 1441 715 1506 declinare
745 1442 913 1523 viderent,
952 1437 1023 1526 ipse
1044 1446 1234 1532 imperator
1265 1453 1308 1516 de

267 1528 419 1609 captione
441 1549 539 1608 saepe
560 1527 647 1590 dicta
667 1530 1070 1612 accusaretur,.respondit
1088 1532 1308 1600 Thaddaeust

267 1637 348 1678 vere
372 1614 476 1676 doluit
497 1633 596 1693 super
615 1613 681 1681 hoe
702 1614 856 1687 dominus
885 1633 996 1691 meus,
1024 1631 1058 1680 et
1081 1615 1150 1680 'hoc
1179 1637 1308 1702 praeter
1403 1629 1411 1650 ⁸

173 1703 180 1710 ”
265 1700 485 1764 intentionem
508 1717 611 1773 suant,
633 1713 667 1761 et
688 1697 933 1764 occasionaliter
954 1700 1097 1784 contigit.
1118 1703 1209 1768 *Se'd
1235 1728 1307 1770 non

252 1784 373 1868 potuit
394 1786 481 1866 ipsos
505 1785 663 1864 praelatos
686 1785 726 1844 ab
743 1781 883 1846 inimicis
904 1783 981 1859 suis,
1002 1784 1038 1849 in
1055 1787 1111 1853 ills
1129 1791 1305 1871 repentino

263 1889 298 1936 et
324 1872 517 1933 vehementi
535 1869 664 1932 'assaltu
688 1885 725 1936 et
750 1869 860 1932 navali
886 1869 1031 1950 proelio,
1062 1875 1211 1949 ,ntbeoe
1232 1875 1306 1940 sciri

264 1958 383 2042 potuit,
404 1971 623 2034 sequestrares
644 1954 726 2036 quin
747 1951 973 2020 indifferenter
994 1975 1070 2018 curn
1091 1957 1241 2036 hostibus
1259 1961 1303 2024 in-

223 2039 227 2049 '
265 2045 491 2106 volverentur.
536 2043 578 2103 Et
599 2040 627 2102 si
647 2059 801 2120 praesens
828 2039 983 2104 dominus
1009 2061 1104 2106 meus
1123 2042 1306 2126 imperator

250 2131 391 2192 «ibidem
420 2123 591 2203 extitisset,
624 2124 737 2205 ntique
768 2123 940 2205 diligenter
966 2125 1150 2206 liberationi
1179 2143 1301 2193 eorum

262 2212 456 2289 insudasset.
507 2210 563 2272 Ad
597 2209 662 2272 hoc
693 2207 847 2272 dominus
875 2229 965 2300 papa
996 2211 1182 2294 replicavit:
1226 2222 1316 2305 post

1397 2059 1407 2098 i·

264 2317 380 2360 eorum
404 2297 601 2377 captionem,
624 2315 729 2375 quare-
745 2293 903 2370 insontes,-
925 2293 992 2358 aliis
1014 2299 1157 2373 retentis,
1179 2299 1300 2366 liberos
1390 2379 1394 2384 .

218 2401 219 2408 ¹
263 2383 371 2448 abire*
392 2390 461 2444 non
505 2380 665 2462 permisit,
709 2379 785 2441 licet
822 2377 938 2454 iniuria
977 2381 1220 2468 multiformiter
1258 2389 1301 2450 af-

262 2469 389 2532 illotos?
407 2467 465 2530 Ad
490 2467 579 2546 quod
596 2465 812 2546 Thaddaeuss
833 2466 1047 2528 recolendum
1066 2485 1126 2542 est,
1150 2471 1240 2550 quod
1259 2475 1301 2536 al·

170 2569 189 2620 ἢ
247 2568 361 2618 'terata
387 2553 491 2614 forma
521 2549 778 2626 convocationis,
821 2566 855 2612 et
886 2553 1048 2618 adventus
1079 2555 1300 2636 praelatorum

221 2651 225 2658 ’
247 2641 303 2701 -ad
333 2629 509 2700 concilium
540 2640 601 2700 sub
624 2634 785 2717 Gregorio
799 2655 898 2715 ‘papa
918 2636 1153 2700 celebrandum
1174 2661 1297 2706 convo

223 2724 225 2728 ’
260 2725 453 2797 caudarum,
476 2726 658 2784 mutabatur
679 2721 712 2783 in
736 2721 895 2794 deten'uss
923 2737 962 2791 et
978 2721 1093 2786 merito
1116 2745 1173 2786 cor
1193 2727 1288 2792 domi

248 2812 294 2871 ‚ni
330 2809 396 2871 mei
428 2808 631 2887 imperatoris
664 2805 1001 2871 etiam·immutatunt
1033 2813 1296 2890 exasperabatur.

258 2893 357 2980 Quia
374 2893 463 2956 idern
494 2913 576 2973 papa
611 2911 687 2954 cum
723 2893 892 2956 vocandos
927 2905 1052 2953 tantum
1089 2915 1209 2960 vocare
1239 2899 1295 2964 de-

146 3038 149 3050 ,
245 2979 389 3051 buisset,
422 2977 569 3058 publicos
601 2975 729 3057 imperii
763 2976 960 3038 convocavit
990 2975 1156 3042 inimicos:
1191 2983 1310 3048 laicos·

161 3091 167 3101 ,
254 3083 389 3144 nempe,
413 3080 532 3124 armata
555 3081 656 3124 manu
677 3060 912 3136 communitos,
934 3067 1047 3142 utpote
1070 3063 1226 3135 comitem
1248 3071 1295 3144 de

111 3155 115 3162 '
184 3193 187 3204 .
245 3147 440 3224 Provincia,
462 3165 497 3212 et
515 3147 610 3210 alioss
630 3161 667 3208 ut
688 3161 777 3228 patet
798 3145 830 3206 in
848 3145 988 3243 epistola
1010 3147 1079 3239 regi
1099 3147 1294 3231 Anglorurn

253 3234 386 3324 seriptp,
410 3253 518 3322 ‘quam
548 3234 699 3316 superius
727 3231 946 3330 recitavimus.
1000 3229 1098 3319 Quos·
1122 3241 1294 3303 constabat

251 3340 323 3384 non
345 3339 418 3384 esse
451 3333 589 3400 propter*
612 3337 729 3382 eorum
757 3331 948 3397 septentiam
975 3333 1128 3397 vocatos,
1169 3324 1227 3385 vei
1248 3327 1292 3390 ad

248 3424 368 3488 pacem
390 3404 674 3485 componendam,
701 3403 760 3464 sed
789 3401 986 3464 seditionem
1014 3403 1123 3484 potius
1145 3425 1292 3472 commo.

104 3481 107 3488 Δ
204 3527 208 3540 ι
248 3487 406 3556 vendam.
448 3490 550 3552 Unde
579 3503 644 3550 tam
672 3486 706 3549 in
735 3485 1044 3567 Angliam,'quam
1075 3489 1151 3550 alias
1180 3491 1291 3557 missis

242 3576 394 3658 epistolis
416 3575 580 3657 regiones,
603 3571 814 3636 amicabiliter
841 3571 988 3652 praelatis
1010 3572 1146 3656 singulis
1168 3579 1290 3660 suppli

191 3711 196 3721 ,
234 3662 335 3730 ‘cavit
354 3660 508 3727 dominus
530 3677 625 3720 meus
645 3657 837 3739 imperator,
869 3675 926 3718 ne‘
943 3656 986 3719 ad
1014 3671 1079 3720 tam
1106 3659 1288 3726 subdolum
1334 3669 1338 3676 '

244 3747 463 3810 convenirent
488 3743 682 3816 concilium,
714 3761 933 3824 praenoscens
962 3759 1037 3818 eos,
1070 3743 1097 3807 si
1126 3739 1287 3813 venirent

235 3849 318 3894 eum
341 3831 488 3894 hostibus
510 3828 577 3892 suis
604 3843 640 3900 et
663 3826 811 3908 imperii,
839 3825 1062 3891 invadendos:
1094 3831 1288 3914 denegavit.
1390 3855 1410 3909 ‚a

221 3908 376 3996 *quaeis
398 3937 459 4000 per
477 3935 571 3984 suam
593 3931 746 4001 securum
769 3909 937 3976 transitum
959 3909 1136 4000 ditionem,
1165 3915 1282 3997 sicque
1367 3952 1372 3958 ·

154 4063 159 4074 ,
237 3998 489 4067 misericorditer
515 4015 549 4096 et
577 3997 715 4065 civiliter
728 3995 830 4080 ,ipsos
858 3997 900 4078 ds
923 3995 1109 4084 imminenti
1131 4001 1283 4083 periculo
1333 4051 1339 4060 .

336 4117 343 4125 '
612 4131 615 4138 ·
1186 4108 1281 4170 Ρῑῑθ·
1367 4153 1372 4164 .
1409 4157 1410 4166 ,
