2824 4854
268 423 345 534 Ξ96
620 457 656 540 '2
1206 415 1214 446 ⁸

224 622 226 652 ¹
268 609 489 702 politanomrn
518 603 663 703 Angliae
694 617 767 701 ipse
786 613 884 700 'prior
912 615 1079 692 habeatur,
1094 613 1169 697 ·qui
1200 615 1305 700 primo

266 705 367 768 fuerit
389 706 566 770 ordinatus.
609 705 678 768 Illis
708 705 751 766 ita
779 703 1063 776 contendentibus,
1092 703 1246 764 monachi
1267 717 1308 772 et

267 790 452 890 familiares,
482 789 538 871 qui
570 811 645 852 cum
671 787 899 852 Cantuariensi
931 787 1175 868 archiepiscopo
1209 807 1307 852 vene

267 893 358 948 rant,
369 875 405 938 in
427 874 709 958 archiepiscopum
727 877 972 938 Eboracensem
994 871 1106 935 locum
1127 889 1306 953 praematu

177 967 179 973 ‘
266 977 303 1024 re
325 977 542 1060 occupantem
563 959 733 1034 irruentes,
754 961 863 1040 ipsum
884 958 918 1022 in
941 972 1059 1020 terram
1077 977 1220 1057 pronum
1235 980 1306 1055 pro

263 1045 390 1126 jectum
412 1045 477 1110 suis
500 1045 639 1128 pedibus
661 1045 903 1108 conculcarunt.
945 1039 1039 1140 Qui
1042 1041 1159 1106 crebris
1189 1037 1304 1106 ictibus

172 1163 175 1168 ·
266 1149 391 1204 caesus,
420 1151 502 1229 capa
528 1151 592 1212 qua
615 1131 748 1194 indutus
771 1143 839 1192 erat
859 1129 973 1200 fracta,
1006 1126 1064 1196 vix
1096 1128 1234 1190 demum
1263 1130 1306 1191 de
1403 1199 1404 1206 ι

266 1235 382 1279 eorum
416 1213 566 1278 manibus
599 1232 647 1278 est
679 1227 820 1296 ereptus.
864 1211 966 1302 Quod
999 1211 1102 1274 dictus
1136 1213 1304 1276 cardinalis
1402 1255 1404 1298 ι

266 1299 442 1398 inspiciens
464 1301 682 1366 vehementer
703 1299 826 1374 doluit,
860 1317 893 1361 et
922 1317 1004 1360 mox
1024 1295 1146 1360 dictum
1169 1299 1306 1362 Cantua·

234 1424 236 1430 r
265 1383 408 1451 riensenr
439 1385 720 1486 archiepiscopum
750 1385 792 1446 ad
820 1385 935 1446 sedem
966 1379 1190 1464 apostolicam
1198 1383 1305 1466 appel·

265 1467 400 1545 lavit,
392 1489 567 1550 imponens
596 1469 637 1544 ei,
667 1470 732 1532 hoc
760 1469 883 1532 factum
904 1467 1005 1530 luisse
1027 1487 1086 1550 per
1108 1469 1179 1550 ejus
1203 1467 1305 1532 consi

264 1554 345 1616 lium
374 1555 414 1616 ad
443 1553 568 1616 domini
596 1576 701 1636 papae
726 1543 895 1618 dedecus
902 1569 935 1616 et
962 1552 1074 1634 ipsius.
1126 1553 1175 1633 Et
1198 1553 1322 1616 statim
1396 1575 1397 1584 ¹

264 1637 335 1720 ipse
361 1636 617 1714 cantuariensis,
640 1640 787 1702 eundem
815 1633 1012 1702 cardinalem
1035 1637 1076 1700 ad
1099 1635 1226 1700 domini
1253 1661 1304 1720 pa·
1341 1711 1344 1718 ¹

225 1743 236 1756 .
263 1745 325 1806 pae
349 1723 547 1788 audientiam
570 1727 612 1787 de
635 1739 786 1804 suspecto
809 1723 998 1804 gravamine
1018 1721 1205 1804 appellavit.
1240 1725 1305 1786 Ar·

185 1879 188 1886 ⁴
263 1810 493 1890 chlepiscopus
522 1809 621 1871 etiam
640 1809 857 1873 Eboracensis
886 1807 1007 1870 dictum
1030 1807 1304 1871 cantuariensem

263 1896 305 1958 ad
321 1895 443 1957 curiam
462 1895 664 1960 Romanam
664 1891 886 1992 appellavit,
877 1907 1054 1991 imponens
1076 1892 1107 1956 ei
1128 1892 1215 1956 hanc
1235 1893 1304 1956 vio·

175 2019 178 2027 ,
262 1979 396 2042 lentiam
417 1978 477 2042 sibi
493 1979 609 2040 factam
626 1964 727 2044 fuisse
745 2001 761 2042 a
781 1977 857 2051 suis,
880 1999 938 2057 per
957 1975 1057 2057 ipsius
1078 1976 1255 2040 consilium
1270 1992 1304 2042 et

259 2067 477 2154 voluntatem.
500 2059 1303 2162 SimiliteripseEboracensisGregoriiEliensem

260 2141 453 2232 episcopum
477 2147 695 2246 appellavit,
686 2168 862 2228 imponens
885 2143 925 2221 ei,
950 2145 1070 2228 quod
1062 2167 1095 2208 ιιι
1115 2147 1302 2210 Galfridum

260 2255 339 2295 eum
374 2251 490 2306 manus
523 2231 635 2314 injecit
666 2247 791 2296 temere
822 2231 995 2296 violentas.
1056 2233 1175 2330 Sicque
1205 2231 1301 2315 finito

260 2316 411 2394 concilio,
436 2317 619 2398 praedictus
642 2315 822 2391 cardinalis,
843 2315 1031 2414 convocatis
1054 2315 1253 2398 episcopis,
1249 2320 1301 2378 ab
1393 2359 1397 2372 .

258 2403 396 2481 batibus,
418 2401 588 2485 prioribus,
610 2415 643 2466 et
665 2401 757 2488 omni
773 2403 871 2478 clerc,
894 2399 951 2482 qni
968 2402 1086 2479 aderat,
1109 2421 1219 2464 coram
1237 2388 1300 2464 illis
1401 2441 1403 2498 ᾗ

164 2554 167 2560 ,
259 2488 377 2550 dictam
400 2487 664 2570 appellationem,
688 2483 786 2566 quam
807 2487 938 2550 fecerat.
961 2485 1150 2561 renovavit,
1171 2502 1205 2550 et
1225 2487 1302 2550 data
1402 2513 1403 2518 ¹

257 2573 490 2638 benedictione
513 2590 629 2635 ornnes
653 2573 828 2636 abscedere
850 2569 1010 2654 permisit»
1070 2573 1115 2634 Et
1144 2575 1300 2654 Rogerus
1360 2618 1363 2638 .

256 2659 474 2722 Eboracensis
490 2655 766 2756 archiepiscopus
795 2657 836 2718 ad
863 2674 976 2738 regem
1004 2657 1039 2720 in
1060 2655 1266 2722 ecclesiam
1255 2679 1301 2718 ιιι-

127 2767 131 2774 ·
188 2802 204 2818 ι,
256 2757 360 2818 trans,
392 2742 515 2824 injuriis
538 2741 570 2804 ei
591 2741 684 2804 illatis
707 2740 767 2803 sibi
795 2743 951 2816 ostensis,
979 2739 1089 2841 ipsum
1110 2761 1225 2824 regem
1247 2743 1300 2804 ad·

257 2847 372 2890 versus
407 2827 578 2908 dominum
610 2825 890 2904 Canmanensem‚
924 2841 957 2890 et
986 2825 1159 2890 Eli'ensem
1199 2825 1300 2890 etiam
1401 2847 1403 2868 ¹

256 2910 465 2994 episcopum,
488 2910 521 2971 in
544 2911 624 2972 iram
648 2925 696 2974 et
692 2909 816 2972 odium
838 2911 1026 2974 concitavit.
1058 2913 1149 2974 unde
1176 2913 1298 2976 eadem

140 3006 148 3029 ²
203 3035 210 3048 ι
257 2999 311 3060 die
334 2997 487 3058 dominus
510 2992 753 3058 Cantuariensis
782 2996 824 3056 ad
844 2996 967 3058 dicmm
989 2995 1187 3060 cardinalem
1210 3017 1299 3060 acce·

254 3082 348 3158 dens,
376 3080 550 3164 pecuniam
580 3081 612 3144 ei
640 3079 833 3161 spopondit,
867 3097 900 3144 et
927 3081 1040 3146 sedato
1063 3101 1123 3156 eo,
1155 3097 1297 3162 uterque
1401 3073 1403 3128 i

253 3165 385 3230 illorum
408 3165 662 3246 appellationem
675 3185 777 3227 suam
800 3167 890 3228 alteri
911 3164 1044 3232 remisit.
1086 3167 1153 3229 Sed
1174 3167 1298 3229 Ebora-

207 3266 210 3280 *
255 3253 360 3316 censis
383 3249 643 3350 archiepiscopus
665 3251 791 3314 nullam
813 3250 1041 3318 concordiam,
1049 3271 1130 3312 curn
1147 3273 1189 3314 eo
1211 3251 1297 3316 inire

184 3356 189 3414 J
255 3337 371 3412 voluit,
412 3333 474 3397 nisi
507 3337 541 3398 in
574 3335 757 3416 praesentia
796 3335 917 3396 summi
954 3335 1115 3420 pontilicis
1159 3350 1219 3400 et.
1235 3357 1297 3420 per

253 3421 372 3504 ipsum.
393 3455 436 3470 -
457 3421 577 3484 Postea
598 3433 709 3484 tamen
731 3421 852 3484 eodem
875 3441 980 3498 anno,
996 3421 1137 3484 concilio
1160 3441 1221 3502 pro
1243 3442 1295 3503 pa

252 3525 292 3572 ce
321 3504 413 3569 inter
433 3503 521 3586 ipsos
549 3503 808 3588 archiepiscopos
837 3520 871 3570 et
902 3505 1094 3588 episcopum
1122 3505 1294 3570 Ellensem

252 3591 414 3664 ¹facienda,
456 3590 545 3671 apud
576 3589 787 3652 Wintoniarn
824 3611 883 3674 per
914 3611 1027 3674 regem
1059 3587 1295 3656 tunoiuidem

254 3675 450 3744 existentem
472 3679 707 3772 congregato,
709 3674 822 3736 dictus
834 3677 988 3775 Rogatus
1006 3675 1225 3739 Eboracensis
1248 3695 1294 3739 ar

254 3760 492 3861 chiepisco'pus,
523 3779 632 3821 coram
655 3755 816 3842 episcopis
842 3775 877 3826 et
897 3760 989 3844 regni
1011 3755 1214 3844 magnatibus
1237 3762 1292 3824 do-
1316 3759 1322 3804 Ῑ

226 3845 345 3908 ‘mino
378 3846 457 3946 regi
478 3857 676 3925 conquestus
707 3859 776 3925 est,
805 3847 929 3943 quod·
944 3845 1109 3910 Galnidus
1147 3845 1290 3908 Ellensis

252 3931 449 4030 episcopus
448 3928 483 3993 in
504 3927 644 3992 concilio
666 3923 851 4004 cardinalis,
883 3945 921 3996 ut
941 3931 1066 3996 dictum
1088 3947 1147 4007 est,
1171 3949 1288 3994 manus

248 4015 409 4107 injecerat
439 4014 476 4080 ‘m
507 4033 605 4084 eum
621 4029 766 4088 temere
777 4015 955 4102 violentas,
1014 4017 1118 4106 Quod
1147 4014 1290 4114 Eliansis

317 4153 320 4160 ,
1209 4081 1291 4183 epis·
