2824 4854
149 363 378 500 (itt

142 608 144 616 ·
265 595 470 673 ¹rustinebat,
502 592 583 656 dum
598 579 759 656 homines
780 587 887 680 magis
908 607 969 654 suo
992 590 1163 656 communi
1182 590 1313 676 gaudio,
1391 671 1394 684 „

272 701 374 764 quam
395 675 496 762 ipsius
518 678 670 760 principis
692 677 848 740 habilitati
869 663 1141 752 satisfacientes,
1131 699 1166 738 ιιι
1189 693 1317 760 tantum

272 765 511 830 exhibitionem
538 761 629 824 illam
655 761 791 826 honoris
818 761 1037 826 extenderent
1064 781 1142 845 erga
1162 761 1316 856 principis

271 869 465 934 personam,
494 863 531 909 ut
556 849 599 912 de
627 847 741 914 labore
768 860 803 913 et
823 845 1086 928 compressione,
1114 867 1215 928 quam
1238 863 1315 912 tunc

272 935 424 1033 princeps
443 920 650 1034 patiebatur,
676 953 794 1016 pamm
821 931 1015 1014 cogitarent:
1050 935 1241 1030 quodcum
1262 937 1316 996 ob·

142 1009 147 1016 ⁶
196 1085 199 1092 ,
269 1023 339 1102 iato
360 1017 478 1104 sibim
496 1017 552 1080 ilia
573 1017 755 1100 frequentia
775 1015 894 1116 populi
915 1033 993 1100 cum
1015 1019 1157 1080 maxima
1177 1017 1315 1081 difficul-

274 1121 338 1172 tate
360 1123 450 1186 equo
477 1103 671 1182 equitaret,
697 1103 799 1168 sensit
827 1104 870 1164 de
899 1122 1041 1184 persona
1069 1102 1210 1183 graviori
1237 1112 1323 1166 tunc'

91 1254 93 1262 ,
192 1193 202 1250 ἰ
272 1189 449 1274 periculo,
465 1205 563 1268 quant
586 1185 622 1250 id
649 1187 784 1268 quidem
806 1187 973 1260 habuerit,
998 1188 1184 1287 respirasse
1229 1192 1315 1254 Cum

273 1291 384 1338 autem
406 1273 471 1336 hoc
491 1271 601 1346 fieret,
634 1273 732 1337 etde
754 1274 901 1336 adventu
925 1270 1077 1370 principis
1105 1271 1219 1336 civitas
1249 1287 1315 1337 tota

263 1359 429 1434 ferveret,
451 1356 605 1440 pervenit
624 1356 690 1419 hoc
712 1359 753 1420 ad
770 1357 921 1420 notitiam
943 1355 1104 1420 marchisii
1125 1357 1234 1422 statuti
1256 1379 1315 1458 per

82 1423 87 1463 ⁶
138 1499 144 1510 ‚
263 1447 436 1508 Joannent
466 1440 640 1504 Μοιιιιιι
630 1461 666 1502 rn
693 1441 842 1517 civitate,
874 1440 934 1529 qui
954 1441 1175 1506 marchisius
1164 1465 1201 1506 m
1219 1443 1313 1542 regio

272 1527 393 1612 palatio
421 1539 500 1591 erat.
544 1524 612 1614 Qui
640 1547 717 1590 cum
739 1527 892 1602 audisset,
920 1525 1102 1626 principem
1106 1516 1228 1592 fore
1217 1547 1254 1590 ιιι
1275 1527 1315 1590 ei·

63 1639 66 1646 ·
101 1621 128 1668 Ἴ
213 1614 392 1687 .,νὶιιιε,
420 1609 584 1694 admirans
611 1611 750 1692 qualiter
776 1612 810 1674 id
839 1633 912 1677 esse
941 1613 1116 1694 potuisset,
1143 1612 1314 1696 cumipse

271 1713 439 1780 portarum
467 1695 618 1761 omnium
646 1698 757 1762 claves
785 1697 938 1772 haberet,
970 1697 1047 1760 iecit
1074 1697 1248 1762 confestim
1272 1719 1319 1762 ar·

212 1781 216 1788 ’
262 1782 354 1846 mari
376 1784 579 1857 Sarracenos,
609 1781 781 1884 deputatos
803 1799 864 1862 per
888 1783 1056 1848 ioannem
1081 1771 1221 1846 Morinis
1251 1786 1313 1848 sub

272 1887 324 1933 se
329 1868 372 1930 ad
394 1866 574 1930 custodiam
596 1865 742 1942 civitatis,
763 1866 902 1948 ipseque
923 1866 1020 1931 armis
1040 1867 1186 1930 munitus
1194 1888 1317 1968 egres·

260 1973 327 2018 -sus
351 1967 400 2017 est
422 1953 465 2018 de
479 1949 617 2033 palatio,
640 1965 674 2014 et
694 1952 791 2028 simui
808 1971 884 2014 cum
903 1951 1073 2033 praedictis
1091 1954 1220 2019 armatis
1237 1975 1316 2017 con-

235 2053 320 2120 ,ιιι
347 2037 530 2120 principem
556 2034 674 2100 venire
702 2035 821 2117 coepit.
881 2035 1035 2119 Principe
1064 2053 1173 2107 autern
1202 2059 1317 2122 proce·

271 2124 374 2188 dente
402 2121 444 2183 ad
471 2120 626 2204 palatium
659 2141 735 2182 cum
767 2119 911 2184 maxima
923 2121 1059 2224 populi
1087 2123 1343 2200 multitudine,'
1411 2124 1412 2127 ’

269 2207 344 2289 ipso
366 2225 504 2288 quoque
525 2203 698 2268 marchisio
720 2225 797 2272 cum
818 2205 948 2271 armetis
977 2205 1044 2270 suis
1061 2222 1179 2272 contra
1200 2209 1315 2292 princi·

189 2363 192 2368 ,
271 2311 351 2378 pem
380 2291 456 2354 ab
447 2309 520 2372 rpso
547 2289 667 2373 palatio
694 2292 870 2371 veniente,
900 2309 977 2354 curn
998 2309 1139 2358 ventum
1159 2312 1247 2362 esset
1269 2291 1315 2359 ad
1398 2317 1404 2335 t

270 2380 306 2442 id
326 2374 408 2453 loci,
430 2395 498 2458 quo
521 2375 624 2437 dictus
647 2375 835 2442 marchisius
857 2376 1040 2462 principem
1062 2381 1223 2446 eundem
1231 2380 1315 2463 aspi·
1323 2383 1337 2398 ¹

58 2465 64 2495 ¹
102 2461 106 2476 ¹
158 2505 175 2528 .
269 2479 376 2538 ceret,
402 2462 506 2524 factus
536 2476 585 2527 est
609 2461 696 2523 illico
725 2463 849 2526 clamor
864 2476 908 2525 et
934 2480 1112 2530 concursus
1132 2467 1248 2548 popuii
1272 2467 1315 2529 ad

268 2546 382 2632 ipsum
402 2545 636 2621 marchisium,
659 2559 697 2608 ut
715 2545 933 2622 incontinenti
954 2547 1187 2628 descenderet,
1212 2565 1248 2619 et
1272 2552 1316 2614 ad

58 2689 62 2700 .
160 2667 164 2675 fl
269 2635 375 2718 pedes
397 2631 550 2716 principis
571 2631 643 2696 iret.
685 2633 752 2697 Ille
771 2633 992 2714 stupefactus,
1021 2648 1058 2698 et
1077 2635 1119 2702 de
1140 2619 1316 2702 necessitai

140 2743 159 2772 κ
229 2759 231 2770 ·
261 2734 305 2784 -re
327 2718 482 2784 virtutem
503 2715 642 2816 iaciens,
670 2717 778 2780 statim
807 2717 995 2817 descendit,
1023 2720 1205 2821 armisque
1212 2723 1315 2822 depo·

233 2881 236 2888 .
267 2802 354 2878 sitis,
385 2819 462 2866 ante
490 2801 671 2886 principem
698 2821 736 2868 se
758 2803 948 2884 prostravit,
975 2818 1011 2870 et
1032 2806 1134 2888 pedes
1157 2805 1314 2891 principis

269 2849 524 2960 osctilanases13
557 2888 670 2968 sicque
697 2886 849 2970 princeps
877 2907 955 2950 cum
979 2901 1105 2990 magno
1126 2891 1255 2957 honore
1281 2907 1317 2957 et·

268 2971 391 3125 fiatfiat:
412 2971 499 3128 ἐξ
509 2970 680 3054 palatium
689 2972 837 3108 regiam,
868 2975 997 3060 populo
1017 2975 1209 3056 comitante,
1240 2985 1314 3060 p'er

240 3433 243 3439 .
321 3481 322 3485 Ν
362 3533 368 3552 ἢ
409 3385 574 3538 XCW·
589 3367 605 3414 ³
631 3398 895 3533 Monachus
918 3393 1226 3532 Patetinus.
1284 3516 1288 3524 .

270 3604 311 3684 ι)
334 3601 488 3668 dessen
508 3601 638 3668 Name
659 3601 902 3666 unbekannt
921 3603 991 3682 ist,
1022 3603 1188 3671 schrieb
1209 3605 1311 3674 eine
1356 3657 1358 3661 -

309 3683 592 3769 aeichhaltige
624 3685 807 3752 Chronik
843 3691 947 3754 iiber
975 3689 1042 3755 die
1063 3690 1313 3759 Lombar'di·

311 3771 439 3836 schen
483 3771 910 3858 Angelegenheiten,
963 3773 1039 3838 fiir
1062 3775 1138 3838 die
1179 3777 1311 3846 Jahre

311 3873 413 3940 1907
435 3855 498 3924 bis
522 3871 632 3944 ιιηο.
601 3857 936 3974 oAusgabs,
925 3881 968 3924 ru
995 3857 1144 3928 Mutat.
1178 3862 1253 3968 Tic
1275 3875 1311 3941 8.

1082 4062 1311 4152 .⁰)
