2824 4854
26 2325 28 2332 1
77 2269 228 2336 numprus
251 2253 398 2336 ampliat,
422 2258 521 2332 quarn
543 2252 679 2352 dignitas
702 2253 835 2328 esteris
827 2255 946 2333 th'ttste
968 2254 1109 2320 nimiunl
1212 2295 1220 2306 ·=
1262 2249 1265 2256 ’

930 456 1115 548 -““ιοδ

17 689 18 692 ,
81 592 172 722 quod
182 637 370 703 constitutio
392 638 489 724 primi
511 619 651 706 Heniici
673 635 847 705 evidenter
866 639 1035 726 explanat,
1056 659 1111 712 cu·
1193 629 1196 636 ’

17 729 18 784 3
38 763 43 774 -
79 727 126 824 ιιιι
147 727 249 799 series
265 727 348 789 haec
368 741 433 790 est.
455 740 521 804 „ut
538 723 648 787 nullus
666 725 843 790 missorum
856 745 1041 803 nostrorum
1058 751 1112 796 cu·

18 823 30 858 f
79 815 255 894 J'uscunque
273 809 496 899 impeditionis
514 827 742 892 argumentum
758 811 794 874 in
811 797 974 878 electione
991 814 1111 878 Rotna-

80 896 111 957 ιιι
131 897 289 975 pontilicis
321 915 522 977 componere
545 897 673 972 audeat,
696 895 833 958 omuino
856 897 1079 978 prohibemus
1085 905 1110 942 “
1158 927 1163 934 ·

17 1039 19 1050 ,
81 980 110 1042 Si
129 981 246 1043 laicalis
268 979 453 1063 simplicitas
480 984 617 1060 ιιοιιιιιιι,
639 983 729 1060 quod
744 981 832 1043 ''de
819 997 906 1063 Jute
916 984 1049 1058 habuit,
1061 993 1110 1051 rel

17 1131 18 1136 ,
79 1081 226 1128 verenter
257 1066 469 1146 contempsit,
503 1064 651 1144 spnctites
683 1065 875 1148 pontificalis
893 1069 948 1130 tad
972 1072 1110 1150 bonurn,
1158 1063 1181 1155 1’

17 1159 32 1204 t·
81 1151 165 1229 quod
186 1161 357 1232 nunquam
374 1149 501 1227 habuit,
524 1153 701 1228 quomodo
729 1167 864 1212 manum
887 1151 1007 1254 ponit?
1043 1157 1110 1223 Sed

17 1243 19 1248 '
79 1251 150 1296 cum
171 1253 304 1300 vestrae
320 1251 449 1298 sanctae
479 1235 605 1308 cutiae,
632 1251 797 1316 tamquam
820 1237 893 1334 piae
917 1235 1024 1302 matris
1037 1253 1156 1306 nos

17 1325 18 1358 ³
50 1365 52 1372 ι
80 1331 195 1418 tangat
213 1323 442 1402 opprobrium,
479 1339 557 1382 curn
591 1319 631 1381 ad
671 1321 853 1384 Romani'
845 1323 975 1404 tmpetii
1006 1324 1145 1390 simite

49 1401 198 1486 ¹,ascripti
228 1407 372 1480 titulum,
416 1403 488 1486 ejus
526 1403 678 1485 injuriam
700 1405 858 1504 1ιοςιιιιιιι·
886 1425 980 1472 ιιοιι
989 1421 1108 1478 tacere.

79 1485 181 1551 Vobis
216 1511 295 1587 ergo
328 1490 619 1588 suprascriptorum
652 1489 843 1574 principum
883 1512 958 1590 epm
992 1493 1108 1594 ιιοιοιε

17 1579 18 1584 ’
55 1571 196 1654 ,opperit
224 1575 433 1649 universitas,
469 1573 561 1654 quod
594 1577 826 1648 Praenestinus
864 1575 1037 1676 episcopiis
1072 1579 1109 1644 in

77 1657 300 1722 Romanorum
335 1659 420 1756 regis
455 1655 616 1724 electione
645 1675 756 1722 contra
784 1677 919 1747 omnem
944 1663 1033 1759 ιἰιιιι
1060 1679 1109 1728 or

69 1741 205 1833 ‘dinem
218 1763 254 1809 se
285 1740 435 1826 ingessit,
469 1763 533 1808 nec
560 1743 675 1808 videre
703 1741 968 1850 possumus,J
917 1764 968 1828 cu
974 1768 1010 1808 us
1037 1767 1110 1832 per

39 1870 56 1882 .
78 1844 199 1890 tonant
216 1827 456 1912 inculpabiliter
482 1845 516 1889 se
546 1844 645 1908 gerat
692 1828 785 1894 ecrit
812 1849 901 1890 enirn
923 1835 978 1894 vel
1000 1841 1110 1915 perso'·
1156 1893 1161 1902 ,
1218 1836 1226 1846 '

17 1913 19 1916 ’
78 1929 150 1972 nant
182 1915 350 1988 electoris,
384 1915 442 1976 vel
473 1926 648 2012 personam
681 1913 865 2011 cognitoris.
926 1915 959 1976 Si
992 1918 1109 1980 electo·

76 1995 125 2066 ris,
147 2000 318 2080 quomodo
341 1991 501 2082 quaesivit
523 1997 807 2096 opportunitatem,
819 1999 986 2100 ιιιιιιιιιιιι·
985 2001 1109 2086 apbitrie
1162 2039 1165 2046 =

78 2083 259 2146 absentibus
292 2083 465 2148 mendacio
504 2081 672 2146 veritatem
712 2097 746 2144 et
783 2084 919 2148 crimine
950 2069 1108 2151 virtutem

77 2171 233 2233 mutaret?
277 2169 458 2266 Quomodo
487 2166 576 2232 enirn
604 2189 642 2231 ea
671 2183 743 2248 pars
771 2168 965 2251 principum,
992 2189 1139 2274 11ιιιιιιιι

28 2392 32 2400 ,
78 2353 125 2398 est
143 2340 376 2420 contempta?l
383 2338 474 2400 Etsi
488 2337 684 2436 cognitoris,
708 2338 791 2399 hanc
812 2351 938 2435 gestare
959 2357 1031 2400 non
1053 2345 1110 2422 po·

30 3836 34 3912 J

17 2451 19 2470 ι
77 2421 155 2488 ιιιιι.Ι
185 2421 412 2492 Romanorum
443 2421 531 2486 enim
562 2422 660 2503 regis
664 2422 826 2524 electio,
837 2420 862 2483 si
889 2422 924 2484 in
947 2441 987 2486 se
995 2427 1136 2526 ⁸scisse

18 2506 28 2520 ''
76 2505 178 2584 fiterit,
199 2527 271 2572 non
293 2526 341 2570 est
363 2507 510 2588 superior
528 2505 669 2587 J'tJdert,'
670 2509 763 2590 quus
785 2508 854 2595 ipsa
876 2503 1037 2570 sententia
1058 2511 1107 2570 in·

18 2663 21 2682 1
51 2637 53 2640 -
77 2595 236 2673 tegtanda.
261 2594 320 2656 sed
342 2591 533 2674 eligentium
557 2594 725 2671 voluntate
748 2611 927 2678 spontanea
949 2613 1110 2656 consuen-

77 2675 140 2741 da..
167 2677 334 2742 Mediator
355 2677 445 2740 enim
469 2675 536 2742 nei
565 2691 598 2742 et
626 2657 809 2750 hominum,
837 2672 940 2740 homo
962 2675 1107 2742 Christus

74 2759 184 2839 Jeiut,
207 2764 329 2824 actibus
351 2759 487 2844 propriis
510 2777 544 2824 et
565 2762 773 2845 dignitatibus
796 2761 968 2847 distinctis,
999 2763 1108 2866 offici-e

76 2849 238 2929 potestatis
261 2847 428 2952 utriusque
451 2847 621 2920 discrevit,
655 2861 691 2908 ut
713 2863 745 2910 et
767 2849 844 2912 Deo
865 2846 1023 2948 milpont,
1051 2848 1109 2922 mi

59 2932 162 2998 *nime
185 2955 221 2996 ee
244 2931 382 3030 negotiis
399 2931 577 3012 implicaret
594 2931 799 3007 secularibus,
825 2951 861 2994 ac
879 2930 1020 2994 vicissim
1038 2955 1108 3000 ιιοιι

18 3031 19 3038 “
75 3015 127 3084 ille
149 3005 247 3085 rebus
271 3015 388 3079 divinis
410 3017 594 3098 praesidere
606 3018 798 3093 videretur,
826 3017 881 3102 qui
904 3033 990 3081 esset
1009 3039 1109 3100 nego
1174 3041 1178 3060 f

20 3170 22 3178 1
76 3101 123 3166 tiis
143 3103 343 3171 secularibus
366 3100 560 3202 implicatud
599 3103 665 3168 Sed
694 3103 720 3163 si
750 3121 810 3164 vos
834 3102 980 3183 judicem
1011 3105 1109 3172 confi

76 3189 209 3264 temini,
243 3189 375 3286 ,factitio
420 3185 663 3252 excusationem
707 3183 828 3250 babere
877 3205 946 3247 non
991 3202 1148 3267 potest.

75 3267 234 3340 Vestrum
269 3275 360 3335 enim
385 3269 424 3332 in
463 3287 523 3333 vos
561 3289 735 3353 possumus
774 3291 909 3332 exerere
945 3272 1109 3352 gladiumJ
1150 3291 1152 3302 ·

76 3359 160 3436 quia,
196 3362 330 3424 absente
353 3357 416 3420 alia
438 3372 545 3438 parte,
578 3355 737 3420 sententia
765 3355 911 3436 ajudice
935 3355 1029 3421 dicta
1039 3359 1110 3424 nul·

74 3441 138 3504 lam
161 3445 281 3506 habeat
301 3443 494 3506 firmitatem.
539 3441 627 3530 Quid
651 3458 728 3521 ergo
751 3441 904 3538 praedicti
925 3439 1111 3506 Prtnestinl

29 3531 238 3592 sententia
265 3529 299 3590 in
321 3529 446 3592 Ottone
473 3527 602 3589 firmare
619 3539 740 3606 potuit,
774 3546 850 3586 curn
872 3523 953 3587 nihil
976 3526 1051 3590 trite
1073 3526 1132 3588 itt
1207 3561 1210 3568 =
1280 3610 1283 3621 1

75 3631 116 3676 eo
135 3615 261 3676 factum
285 3611 361 3676 siti-
383 3615 470 3676 Natat
494 3613 572 3692 quid
594 3612 663 3706 erit,
692 3625 747 3672 aut
775 3629 855 3698 quas
880 3609 964 3677 viras
986 3611 1110 3674 habere

74 3703 212 3778 poterit,
237 3699 327 3780 quod
350 3700 390 3760 ab
411 3695 449 3762 lis
471 3699 519 3772 sit,
542 3717 635 3778 quos
647 3697 778 3760 tenuior
798 3695 976 3776 compescit
997 3701 1112 3760 nume·

74 3801 146 3859 rus,
167 3805 254 3866 quos
277 3783 385 3846 minor
402 3784 576 3846 comitatur
597 3781 783 3855 auctoritas,
805 3781 896 3860 quod
919 3781 1015 3862 partie
1037 3782 1113 3845 alte·

30 3867 140 3930 rius
166 3868 278 3934 reddit
305 3870 448 3932 absentia
467 3866 651 3930 vitiosum?
682 3867 818 3938 Contra
830 3885 907 3928 eunt
937 3884 1026 3948 ergo,
1055 3859 1114 3946 qul

76 3954 149 4015 talia
164 3967 327 4055 operatus
349 3969 397 4017 est
418 3953 528 4015 minus
547 3950 709 4052 decentia,
730 3967 840 4014 vestet
861 3969 896 4014 se
917 3949 1004 4032 rigor
1024 3965 1115 4014 exeri

76 4053 164 4120 seat,
188 4039 231 4102 tit
251 4039 285 4102 in
305 4059 384 4104 eum
407 4053 516 4111 emen
538 4031 602 4120 pie
611 4035 764 4100 saeviens
786 4033 963 4117 disciplina.
1004 4034 1117 4101 Vobis

581 4121 801 4254 ¹¹Cea¹
884 4197 886 4216 .
995 4119 1123 4184 electio
