2788 4854
993 414 1097 516 '¹715
1190 441 1193 452 “
1280 397 1282 410 ’

42 647 46 656 -
72 601 196 686 cognita,
223 601 281 666 illo
302 615 429 685 spreto,
465 549 733 666 sinemurum
759 554 1110 684 Salernipriircipett'r

26 710 30 720 “
71 691 292 760 πατιείνεωῃῑς
302 695 332 750 'a
345 707 413 768 quo
425 688 584 752 decenter
598 686 755 769 suscepti,
778 704 911 768 propter
921 687 1100 762 militarem

12 789 13 794 ’
71 776 200 849 laudem,
224 795 310 854 quae
329 774 398 855 jam
419 773 506 855 ipsos
529 793 588 854 per
610 773 798 836 universam
816 772 984 854 Apuliam·
999 763 1105 836 frm'o,

12 871 15 922 t
72 861 200 924 sissimus
222 861 393 932 effecerat,
427 853 459 924 e't
481 859 625 922 maxime
647 857 724 938 quia
751 859 792 922 ab
819 858 1009 926 inimicante
1038 856 1100 926 tibi
1140 908 1142 920 .

12 973 14 1012 ς
72 947 205 1028 prineipe
225 947 278 1008 ‘ad
307 963 342 1008 se
371 943 579 1020 transierant,
607 943 716 1008 multis
740 944 881 1024 donariis
903 947 945 1005 ad
966 945 1099 1008 fideliter

73 1045 126 1092 tem
158 1032 238 1111 ejus
259 1029 467 1104 inflammati,
496 1031 634 1092 diversis
662 1041 695 1092 et
716 1031 835 1092 crebris
857 1029 1100 1099 incursionibus

12 1121 18 1190 l
74 1117 233 1196 Capuanos
256 1117 463 1189 lacessentes,
485 1129 586 1176 totam
609 1114 822 1196 prouinciam,
846 1134 883 1176 ac
901 1114 927 1176 si
943 1115 1099 1195 pestilens
1155 1175 1163 1186 ,

12 1213 14 1278 j
74 1200 217 1262 clamitas
240 1203 421 1276 detonaret,
442 1198 643 1268 adtriverunt
663 1197 934 1286 circumquaquet
956 1214 989 1268 et
1002 1201 1101 1273 Salen

12 1361 14 1366 ι
76 1285 165 1348 ritani·
187 1287 308 1366 passim
337 1287 469 1367 injurias
501 1287 653 1369 principis
689 1286 899 1359 ulciscentes,
940 1285 1100 1352 indefessi

12 1367 14 1440 ξ
75 1369 145 1434 idern
166 1371 277 1438 facere
301 1371 501 1444 adiverunt„
521 1371 752 1448 intantumque
774 1371 970 1436 rebellantes
1001 1387 1098 1438 entea

12 1471 15 1512 t
74 1455 192 1538 principi
226 1469 521 1538 compescuerunt,
561 1471 598 1520 ut
630 1455 741 1520 omnia
774 1456 1031 1540 circumquaque
1062 1474 1099 1522 ss
1147 1459 1149 1468 '

12 1541 14 1582 l
73 1557 168 1622 pacata
202 1541 349 1608 silerent.
403 1541 700 1622 Langobardorum
730 1559 811 1602 vero
846 1561 928 1622 gens
962 1540 1100 1604 invidio·

19 1828 23 1845 ι
72 1798 240 1873 mordente,
251 1799 378 1862 occulto
392 1795 618 1884 detrahebanp
632 1793 855 1878 suggerentes,
869 1811 1033 1878 quatenus
1044 1811 1104 1864 eos¹
1164 1827 1173 1840 κ
1221 1805 1224 1819 '
1258 1793 1260 1810 '

74 1625 189 1702 tissima,
212 1642 248 1690 et
268 1645 401 1708 semper
419 1637 664 1706 quemcumque
682 1625 823 1706 probum
840 1641 1033 1711 suspectum,
1047 1627 1101 1694 lta-

73 1711 155 1785 bens,
189 1712 281 1795 ipsos
310 1713 398 1793 apud
427 1711 573 1774 eundem
601 1709 800 1794 principem,
834 1709 967 1778 inimico
997 1713 1098 1778 dente

21 1937 26 1953 ,
72 1901 130 1946 ase
145 1883 339 1964 repelleret:
361 1881 452 1963 quod
470 1878 505 1944 ni
525 1881 656 1956 faceret,
677 1880 947 1959 fatilefumrum,
964 1895 1002 1946 ut
1017 1901 1100 1974 gens
1184 1927 1186 1941 ·

14 3465 24 3556 l

15 3643 18 3734 l

73 1983 162 2031 tantae
185 1967 341 2043 astutiae,
373 1983 481 2030 tantre
503 1965 716 2040 strenuitatis,
749 1964 907 2032 addentes
935 1965 1034 2031 etiarn
1057 1985 1138 2044 err«,

73 2055 113 2142 rui
133 2054 236 2116 cordis
262 2053 401 2128 malitia,
422 2061 530 2118 tantae
553 2047 726 2136 perfidiis,
758 2067 794 2118 ut
815 2050 961 2137 principe
984 2053 1101 2117 exhast
1200 2053 1206 2070 “
1230 2049 1238 2073 ²
1310 2065 1313 2084 ¹

72 2139 185 2214 redito,
207 2138 273 2224 ipsi
295 2157 354 2206 sua
376 2137 563 2211 ealliditate,
585 2137 788 2204 haereditata
811 2139 881 2219 ejus
903 2135 1099 2219 potirentur,¹
1208 2178 1211 2188 ι
1246 2212 1250 2224 ⁶

73 2226 148 2288 unde
174 2241 208 2289 et
239 2244 297 2288 cor
323 2222 477 2306 principis
506 2223 632 2286 eisdem
661 2222 781 2286 artibus
807 2223 983 2298 imbutum,
1004 2223 1101 2289 facile

72 2305 100 2368 in
119 2311 262 2376 deterius
281 2308 427 2392 proclive
451 2321 654 2390 pervertunt,
704 2307 770 2370 Sed
799 2308 960 2389 princeps,
990 2327 1099 2389 quatu·

74 2391 113 2454 vis
133 2396 238 2476 pravis
261 2394 403 2457 consiliis
425 2411 561 2456 suorum
584 2387 780 2466 assentiens,
812 2391 905 2471 quod
932 2393 1101 2461 hortaban-
1130 2404 1133 2426 ¹
1152 2445 1158 2470 ,

68 2485 115 2538 nir
126 2481 231 2546 facere
251 2479 429 2553 moliretur,
444 2475 563 2544 ioman
581 2476 804 2542 strenuitatem
822 2478 952 2540 illorum
971 2478 1100 2553 timens,

74 2567 149 2640 quod
169 2565 283 2627 animo
311 2567 439 2630 occulte
467 2566 599 2648 egebat,
640 2561 749 2628 miuus
771 2561 806 2630 in
832 2563 1007 2649 propatulo
1029 2575 1102 2648 aps*

74 2648 129 2712 rire
143 2651 387 2735 praesumebat.
446 2694 471 2715 ι,
979 2647 982 2675 ⁵

78 2859 81 2873 ·
143 2821 181 2886 B.
220 2815 378 2910 Qualiter
397 2837 481 2885 vero
500 2817 667 2884 liebertus
685 2815 822 2886 rernm
844 2817 886 2884 tle
907 2819 1022 2896 Turre,
1046 2818 1103 2902 qui

20 2917 23 2926 ’
76 2904 148 2985 tpud
165 2905 373 2970 Bisinianum
397 2909 592 2980 morabatur,
615 2907 785 2988 acceperit,
810 2906 941 2970 silentio
965 2917 1125 2988 praeter,

76 2989 259 3056 mittendum
272 3010 342 3054 non
357 3005 416 3056 est.
465 2991 543 3056 Erat
556 2989 782 3072 quippeidem
795 2991 913 3066 Penus
926 2991 1101 3056 ditissimus

14 3091 16 3096 ’
77 3071 142 3136 civis
161 3076 416 3153 Bisinianensis,
449 3079 508 3140 sed
528 3091 565 3140 et
584 3073 739 3152 consilio,
769 3089 803 3140 et
825 3077 945 3139 virtute
967 3077 1120 3144 caeteris.

14 3227 21 3252 μ
75 3161 204 3240 pollens,
258 3162 411 3228 omnibus
432 3161 681 3246 principabatur.
738 3160 836 3224 'Soliti
869 3175 978 3223 autern
1011 3173 1105 3231 erant

14 3259 16 3284 ³
76 3246 224 3318 multoties
268 3247 450 3312 convenire
493 3247 564 3322 hic,
622 3260 657 3310 et
692 3246 858 3310 Robertus
892 3245 1104 3326 Guiscardus,
1140 3319 1146 3326 ι

76 3331 152 3406 quasi
172 3335 213 3394 ad
237 3331 410 3416 placitum,
438 3333 481 3397 de
502 3331 649 3414 pluribus
671 3328 919 3405 controuersiis,
949 3347 1035 3412 quae
1057 3333 1104 3396 in·

77 3426 114 3474 ter
142 3437 217 3480 suos
252 3417 462 3500 eveniebant.
519 3420 621 3480 Porro
654 3417 865 3491 Guiscardus,
898 3437 975 3482 cum
1007 3418 1105 3483 sciret
1210 3443 1220 3484 ψ

77 3515 140 3564 eum
161 3501 304 3568 maxima
325 3503 466 3586 pecunia
488 3501 666 3578 abundare,
689 3517 723 3566 et
745 3523 823 3586 prae
841 3501 976 3574 caeteris
999 3515 1103 3570 castro

78 3581 238 3665 dominari,
269 3588 379 3672 coepit
406 3589 517 3651 animo
546 3603 694 3662 tractare,
725 3587 865 3668 qualiter
884 3608 944 3671 per
969 3607 1048 3653 eum
1071 3602 1106 3654 et

77 3672 281 3759 compotiri
301 3691 428 3756 posset,
449 3687 482 3737 et
502 3673 696 3756 pecuniam,
709 3691 809 3752 quam
822 3671 1028 3758 possidebat,
1049 3675 1102 3738 ab·

78 3755 227 3830 tttclreret.
272 3757 374 3848 Quod
396 3779 508 3824 secum
533 3759 589 3820 diu
610 3751 807 3832 revolvens,
845 3757 979 3824 tandem
1001 3757 1105 3823 consi·

77 3831 292 3906 liscumsu'is
313 3843 441 3920 habito,
472 3845 613 3924 quadam
634 3841 708 3920 ilie,
736 3841 830 3908 nullo
852 3842 994 3926 foedere
1010 3841 1105 3910 inter·

78 3924 186 4002 posito,
213 3947 304 3994 extra
326 3943 466 3992 castrum
487 3927 732 4001 Bisinianense,
753 3928 789 3990 in
811 3942 945 4009 campo,
978 3928 1013 3996 in
1035 3947 1104 4010 quo

79 4009 208 4094 colloqui
228 4030 487 4090 sonsueverrnt,
521 4033 597 4080 curn
619 4013 808 4091 venissent,
838 4013 1038 4164 Guiscardup
1054 4012 1105 4076 ci

201 4123 203 4130 ’
251 4145 253 4152 ·
1041 4115 1102 4166 eut
1171 4113 1174 4120 '
