2788 4854
1004 195 1011 210 a
1031 183 1036 212 l

1034 347 1109 476 sis
1176 409 1188 428 ·

74 585 254 654 bhristlar‘nis
271 583 553 668 conqueri,'quod
574 581 636 648 illis
657 582 863 650 sanctissimis
887 584 1012 662 diebus,
1034 585 1107 672 sine

74 675 157 738 omni
180 675 353 735 christiana
380 671 617 746 communioris
647 671 681 732 in
711 671 767 732 illo
798 693 925 736 carcere
947 671 1006 734 lui.
1060 675 1107 734 In

74 762 129 822 illis
150 758 373 840 poenitentiae
404 773 436 820 et
466 756 678 823 tribulationis
702 767 796 848 meae
827 758 953 832 diebus,
990 778 1009 818 a
1037 757 1107 820 filio

77 867 144 910 meo
173 844 293 910 missus
322 842 416 906 venit
444 845 485 904 ad
513 862 567 906 me
591 841 724 921 quidam
753 840 936 926 principum
960 841 1108 906 Wicber·
1191 839 1195 845 ’

78 943 130 1005 tus,
163 929 293 994 dicens:
331 929 461 990 nullum
490 927 576 990 vitae
606 947 701 990 meae
724 947 797 990 esse
820 927 1009 1006 consilium,
1044 927 1109 992 nisi

8 1071 12 1079 .
77 1015 138 1078 sine
149 1013 405 1078 contradiction&
423 1011 519 1075 etiam
538 1011 631 1095 regni
648 1011 784 1092 insignia
798 1013 981 1094 redderem,
997 1011 1038 1076 eit
1052 1035 1110 1076 vo·

70 1100 189 1162 luotate
212 1113 246 1162 et
267 1099 406 1180 imperio
426 1097 621 1180 principum.
649 1096 704 1158 At
718 1117 790 1180 ego,
813 1098 873 1160 etsi
886 1098 998 1173 „omnis
1016 1114 1110 1176 terra,
1202 1139 1207 1148 ·

77 1185 227 1264 quantum
250 1184 455 1258 inhabitatur,
477 1183 569 1264 regni
591 1181 658 1246 mei
680 1196 765 1245 esset
788 1181 960 1256 terminus,
980 1185 1108 1249 ‘nolens

6 1298 10 1307 ·
76 1269 167 1332 vitam
189 1283 529 1352 regno,commutare‚
551 1268 627 1347 quia
648 1268 771 1330 vellem
793 1269 929 1342 nollem,
951 1265 996 1329 sic·
1013 1287 1110 1351 agen·
1142 1308 1144 1318 =
1178 1333 1181 1338 ,

8 1417 12 1431 ,
73 1356 166 1432 dum,
195 1369 228 1417 et
250 1354 295 1416 sic
317 1350 491 1416 definitum
511 1351 734 1434 intelligebam
743 1376 756 1424 ;1
775 1364 1108 1430 coronam,'crucem,

6 1471 31 1514 ·‚
75 1441 233 1514 lanceam,
256 1439 401 1521 gladium
430 1435 502 1507 misi
532 1437 753 1520 Mogontiam.
803 1439 901 1501 Tunc
930 1439 1111 1502 communi·
1149 1485 1151 1490 -

76 1539 140 1585 cato
163 1524 301 1586 consilio
323 1541 398 1583 curu
420 1521 559 1584 inimicis
579 1521 678 1599 meis,
700 1521 785 1585 filius
809 1543 903 1587 meus
927 1523 1110 1606 egrediens,

75 1599 191 1672 relictis
209 1607 333 1670 ibidem
361 1606 513 1685 fidelibus
538 1623 571 1670 et
592 1607 701 1668 amicis
723 1608 851 1680 nostris,
874 1609 966 1688 quasi
989 1629 1044 1674 me
1066 1631 1108 1673 eo

5 1706 7 1709 ’
75 1695 279 1776 adducturus,
312 1694 372 1756 sub
400 1693 502 1754 multa
530 1690 714 1772 frequentia
741 1707 775 1755 et
802 1694 949 1755 custodia
975 1681 1110 1762 arniato·
1169 1727 1172 1732 ·

11 1861 13 1864 Ι
75 1799 220 1842 rummte
243 1781 411 1852 eductum,
434 1779 474 1838 ad
497 1777 620 1850 villam,
643 1795 727 1860 quae
751 1778 938 1859 Ingelheim
962 1795 1110 1864 vocatur,
1178 1781 1200 1790 ”’
1231 1801 1252 1863 ’-

53 1865 148 1928 iecit
168 1883 223 1928 me
246 1865 345 1926 adse
369 1861 502 1937 adduci,
524 1862 580 1924 ubi
603 1861 777 1923 maximam
788 1861 1008 1940 ‘inimicorum
1031 1862 1113 1926 mul'·

75 1949 245 2012 titudinem
262 1949 444 2011 ’collectam
471 1946 603 2019 inveni,
639 1967 702 2008 nec
730 1946 838 2028 ipsum
867 1948 972 2010 filium
995 1946 1111 2030 ceteris

7 2077 8 2080 κ
74 2033 252 2098 meliorem
271 2031 352 2096 mihi
379 2032 519 2114 repperi·
576 2033 620 2094 Et
648 2031 725 2112 qu'ia
751 2033 876 2095 firmius
906 2049 940 2096 et
966 2033 1112 2096 stabilius

44 2147 46 2154 ’
75 2120 120 2184 eis
131 2118 303 2182 videbatur
321 2137 405 2195 esse,
422 2115 589 2200 sipropria
607 2135 707 2177 manu
725 2133 882 2200 cogerent
892 2139 958 2194 me,
969 2139 1112 2202 regnum

35 2245 37 2254 ,
75 2220 107 2269 et
119 2203 238 2276 ,omnia
260 2203 379 2286 regalia
401 2203 586 2283 deponere,
615 2201 711 2262 simili
733 2206 890 2286 modq‘et
910 2203 973 2286 ipsi
994 2217 1113 2269 omnes

76 2289 302 2364 minabantur,t
325 2287 388 2349 nisi
409 2289 520 2349 omnia
541 2287 683 2350 facerem
705 2287 878 2368 imperata,
912 2289 1041 2352 nullum
1058 2287 1113 2352 'vi-

75 2390 125 2439 tae
147 2373 438 2445 meaeconsilium
460 2371 530 2436 lieri
552 2390 660 2454 posse.
705 2375 799 2434 ›Turn
829 2378 909 2456 ego,
943 2374 1036 2454 quia,
1068 2374 1114 2438 in-

19 2505 25 2514 .
75 2481 191 2542 quam,
224 2462 268 2523 de
289 2453 358 2520 s‘ola
379 2457 446 2520 vita
469 2456 586 2539 agitur,
609 2457 776 2537 quarnihil
799 2456 970 2538 pretiosius
992 2459 1112 2546 babeo,
1183 2465 1211 2510 ἰ
1243 2459 1246 2470 “

75 2555 110 2608 ut
138 2547 254 2609 saltem
281 2545 400 2607 vivens
429 2543 665 2623 poenitentiam
684 2541 868 2606 exhibeam
896 2541 992 2619 Deo,
1028 2543 1116 2626 quic·

77 2629 355 2714 quid-imperatis,
384 2649 461 2694 ecoe
483 2628 584 2700 saci03
612 2649 754 2710 cumque
776 2629 987 2708 inquirerem,
1001 2628 1036 2708 xsi
1057 2629 1123 2695 sal·'¹

76 2731 139 2779 tem
163 2715 209 2776 sic
230 2717 273 2779 de
295 2713 362 2778 vita
383 2727 489 2778 certus
512 2728 546 2776 et
566 2733 698 2776 securus
721 2733 793 2777 esse
822 2715 996 2790 deberem,
1032 2715 1115 2796 ejus·
1251 2780 1259 2794 ,

76 2804 152 2865 dem
177 2798 373 2882 apostolicae
396 2798 482 2862 sedis
504 2799 646 2879 legatus,
668 2799 725 2879 qui
748 2799 873 2863 ibidem
896 2801 1028 2878 aderat,
1044 2819 1116 2864 non
1195 2857 1198 2862 ,
1290 2821 1293 2832 ’

77 2887 159 2962 dico,
180 2886 238 2966 qui
260 2887 342 2951 haec
364 2883 475 2945 omnia
497 2884 712 2960 ordinaverat,
734 2884 918 2966 respondit:
946 2907 1000 2949 me
1023 2886 1117 2948 nullo
1152 2891 1157 2900 '

76 2974 178 3035 modo
208 2969 288 3053 eripi
316 2968 432 3052 posse,
453 2967 516 3030 nisi
543 2968 673 3049 publice
702 2971 884 3048 confiterer,
912 2993 968 3032 me
996 2971 1117 3052 injuste
1183 2976 1185 2988 ⁴

77 3057 343 3121 Hildebrandum
373 3069 581 3154 pprsecutum
618 3075 717 3128 esses
754 3055 960 3131 Wicberturn
995 3053 1118 3140 injuste

11 3179 14 3186 .
78 3144 108 3207 ei
130 3141 397 3224 superposuisse,
419 3155 453 3204 et
474 3139 627 3220 injustam
649 3140 911 3226 persecutionem
934 3139 969 3200 in
992 3156 1119 3221 aposto·

78 3228 172 3290 Mam
191 3229 318 3291 sedem
333 3241 366 3288 et
388 3245 525 3288 omnem
546 3225 717 3287 ecclesiam
739 3225 897 3288 hactenus
921 3224 1119 3288 exercuisse.
1143 3235 1161 3282 ’.

78 3315 273 3378 Tuncrum
295 3309 437 3373 maxima
459 3309 559 3372 animi
589 3309 782 3372 contritione
812 3310 905 3382 humi
932 3325 1120 3392 prostratus,

10 3411 16 3433 ¹
79 3397 174 3480 coepi
195 3419 256 3479 per
275 3397 407 3473 Deum,
440 3415 500 3475 per
520 3395 622 3476 ipsam
642 3395 797 3476 justitiam
828 3415 936 3472 orare,
969 3396 1119 3456 ut'locus
1186 3447 1206 3470 „

79 3499 111 3547 et
137 3501 277 3564 *tempus
309 3481 390 3543 mihi
422 3481 568 3555 daretur,
606 3481 664 3542 ubi
695 3480 731 3542 in
758 3466 1146 3567 praeseniiagomnium
1236 3495 1241 3507 “

3 3553 7 3640 i
79 3569 281 3652 principum,
312 3568 403 3630 unde
426 3565 585 3628 innocens
608 3585 732 3644 essem,
767 3580 800 3629 et
823 3566 949 3647 judicio
973 3585 1027 3626 me
1049 3585 1123 3646 pur·

3 3649 15 3732 l·
81 3647 208 3738 gare-111,
243 3667 277 3716 et
305 3652 340 3714 in
370 3672 438 3730 quo
460 3651 656 3732 culpabilem
679 3671 734 3714 me
755 3661 1045 3734 recognoscerem,
1079 3669 1123 3712 ex

3 3737 5 3748 '
82 3740 217 3803 consilio
247 3733 397 3801 omnium
426 3736 560 3798 sanioris
590 3735 788 3808 sententiae,
822 3735 1058 3816 poenitentiam
1090 3748 1124 3797 et

57 3879 60 3884 .
82 3823 342 3898 satisfactionem,
364 3844 432 3902 quo
450 3821 567 3884 ordine
582 3822 746 3904 juberent,
769 3841 972 3900 quaererem,
995 3819 1124 3884 etinde
1141 3856 1158 3904 J

12 3925 16 3934 ¹
78 3910 123 3974 de
141 3907 344 4000 principibus
374 3905 483 3989 regni,
506 3907 559 3970 -de
588 3907 739 3968 fidelibus
763 3905 871 3967 meis:
896 3925 1125 3985 quoscumque
1188 3949 1191 3956 -

84 3997 213 4061 obsides
235 3993 378 4072 velle'nt,
401 3995 525 4056 darem.
563 3991 618 4058 ‘At
642 3991 698 4139 illl'e
721 3992 810 4056 idem
831 3991 1076 4140 legatusqdileom·
1093 4003 1128 4060 et

222 4117 225 4123 ,
753 4093 760 4104 '
1049 4095 1126 4140 curn
