2786 4852
251 365 366 490 stt(
439 527 443 534 ¹

247 593 330 673 subi
323 587 473 656 'iniuntur
500 589 544 652 ad
568 586 763 656 territorium
785 587 928 652 Palense
955 583 1081 652 fossant
1102 543 1290 651 firmissimis

203 679 209 705 ⁵
256 690 293 740 et
314 615 573 773 profundissimis
595 673 776 772 cingentes,
806 671 952 738 adductis
981 670 1092 738 electis
1121 691 1165 734 eit
1192 673 1292 735 omni·

256 761 325 824 b'us
342 757 402 822 sibi
422 757 604 824 faventium
624 759 793 830 civitatum
820 756 1080 840 burgensibus
1071 777 1105 818 in
1134 752 1239 819 hanc
1235 779 1293 820 co·
1350 772 1353 782 ·

256 845 354 920 lonis,
386 842 548 908 civitatem
570 835 798 916 firmissimam,
820 855 949 922 utpote
955 840 1127 921 paludibus
1147 843 1294 921 undique

259 930 502 1001 circumdatam,
545 949 614 992 non
647 929 761 1026 procul
794 949 813 988 a
846 927 1019 998 Vercellis,
1051 925 1294 1018 Alexandriam,

192 1007 444 1080 Alexandri
471 1035 574 1112 papae
596 1012 732 1076 nornine
758 1007 998 1094 nuncupatam,
1030 1008 1295 1086 construxerunt,

259 1099 432 1181 ipsamque
455 1099 595 1179 cibariis,
618 1096 860 1196 omnibusque
864 1099 903 1156 ad
925 1097 1068 1158 futuram
1090 1095 1298 1158 obsidionem

259 1184 456 1284 pecessariis
478 1170 753 1266 abundantissime
782 1185 964 1246 consertam
998 1181 1039 1245 ad
1074 1179 1299 1244 sustinendam
1358 1255 1359 1258 Ἴ

205 1267 213 1288 ⁸
259 1268 390 1349 imperii
411 1266 498 1341 viiii,
522 1290 557 1329 ac
579 1257 690 1336 contra
713 1267 798 1330 vires
821 1266 918 1330 totius
939 1263 1056 1330 ltaliae
1078 1267 1300 1328 demonstrari-

220 1355 337 1429 das,
355 1313 620 1416 studiosissime
636 1351 837 1434 riitmierupt.
890 1353 1075 1433 Imperator
1105 1351 1215 1432 itaque
1246 1351 1300 1416 his

100 1423 105 1440 ’
195 1467 201 1476 ’
261 1437 454 1536 compertib,
475 1438 522 1502 eis
544 1459 614 1500 non
635 1437 772 1520 impune
795 1435 869 1500 talia
889 1436 1006 1510 licere,
1033 1435 1169 1517 dignum
1190 1455 1302 1515 neces·

263 1521 453 1619 nariumque
479 1522 700 1620 existimans,
721 1521 871 1600 undique
903 1535 1066 1586 conuecto
1098 1509 1301 1588 validissimo
1360 1531 1364 1539 ’

262 1607 426 1680 exercitu,
448 1605 560 1687 quinta
578 1605 645 1687 jam
668 1606 740 1670 vice
763 1606 893 1676 Italiam
916 1605 1112 1703 ingreditur,
1133 1607 1303 1668 confluen
1355 1655 1358 1666 ι

263 1689 419 1770 tibusque
458 1693 624 1756 adieum
650 1689 831 1754 civitatibus
866 1689 1058 1788 auxiliariis,
1086 1689 1302 1790 procinctum

263 1767 503 1842 Alexandriani
533 1795 647 1842 versus
675 1776 797 1852 movit,
828 1777 1001 1859 ipsamque
1031 1775 1195 1866 civitatem
1218 1773 1303 1838 obsi·

263 1857 365 1926 dione
388 1860 497 1924 cinxit.

350 1943 457 2011 Anno
493 1891 692 2012 Dominicae
715 1944 947 2010 incarnationis
976 1961 1056 2026 1171
1094 1947 1227 2010 obsessa
1253 1959 1305 2009 est

201 2057 204 2064 ·
264 2023 389 2094 civitas.
433 2031 531 2094 Haec
554 2031 680 2112 obsidio'
703 2031 784 2129 nulli
807 2031 957 2131 priorum
974 2031 1211 2128 comparanda,
1233 2045 1305 2096 tum
1386 2093 1387 2100 ,

157 2141 159 2150 ¹
261 2115 328 2180 loci
351 2113 544 2190 munitione,
563 2132 633 2178 tum
656 2115 777 2178 civium
798 2117 1018 2180 resistentium
1039 2113 1219 2190 atrocitate,
1235 2130 1304 2176 tum
1365 2105 1388 2162 Τ

266 2195 408 2264 ιιιὶΙὶιιιιιι
436 2201 695 2264 caesarianorum
725 2200 938 2299 oppressione
962 2215 995 2264 et
1017 2199 1197 2274 occisione,
1234 2214 1303 2266 tuin
1387 2217 1389 2246 i

199 2319 217 2332 ·-
266 2284 424 2365 temporis
446 2284 668 2360 diuturnitate
710 2284 803 2348 Nihil
824 2285 914 2362 epim
937 2285 1116 2348 calamitati
1128 2301 1161 2348 et
1182 2286 1306 2366 pericu
1388 2305 1390 2322 ι

265 2369 307 2433 lis
335 2371 494 2433 idoneum
524 2371 577 2433 liic
605 2365 725 2447 defuit:
759 2370 841 2432 nihil
870 2369 1067 2451 patrandis
1060 2390 1094 2431 ιιι
1107 2371 1304 2439 alterutrum

231 2454 510 2520 immanissimis
538 2449 733 2522 facinoribus
761 2455 945 2538 impediens
973 2453 1044 2517 fuit.
1087 2457 1197 2522 Nam
1228 2457 1305 2518 Cae·
1370 2451 1391 2538 ’Ἴ

264 2555 338 2615 sare
360 2538 541 2606 forinsecus
563 2541 699 2617 balistis,
727 2539 896 2614 arietibus,
923 2537 1117 2638 missilibus,
1146 2539 1305 2637 utrimque
1391 2577 1392 2580 =

266 2623 410 2690 telorum
431 2645 578 2724 genere,
608 2647 644 2690 ac
666 2625 803 2690 diversis
828 2622 1083 2691 machinarum
1074 2624 1305 2704 instrumentis,

252 2695 437 2772 turribus
429 2729 563 2810 insuper
584 2711 675 2792 ligno
687 2711 874 2810 compactis
904 2708 1040 2772 civitatis
1053 2711 1305 2808 supereminen-

187 2839 191 2854 .
267 2795 354 2858 tibus
384 2793 539 2871 admotis,
577 2793 735 2877 impositis
764 2795 918 2856 militibus
941 2809 975 2857 et
996 2793 1160 2893 sagittariis
1181 2794 1306 2858 sortiter

261 2876 424 2940 urbem
414 2895 629 2978 impugnante
658 2879 798 2954 obsessi,
833 2899 901 2942 non
926 2879 1044 2940 minori
1064 2880 1184 2944 virtute
1206 2893 1240 2943 et
1256 2879 1304 2939 iir-
1390 2923 1392 2932 ,

265 2961 401 3024 dustria
412 2960 567 3024 similium
590 2964 850 3026 machinarum
843 2963 1064 3027 instrumentis
1093 2963 1219 3028 illatum
1247 2960 1305 3025 sibi
1343 3015 1348 3022 ι
1390 2965 1392 2972 ’

211 3042 430 3146 damnum
460 3063 771 3145 recompensantes,
803 3049 1053 3148 magnanimiter
1084 3049 1304 3111 'viridicabantz

198 3203 205 3224 f
269 3150 316 3194 ac
336 3129 525 3229 saepissime
553 3133 706 3199 ordinatis
736 3133 919 3216 agminibus
952 3133 1051 3214 portis
1085 3149 1303 3232 erumpentes,

271 3216 463 3314 caesarianis
485 3217 691 3299 gladiotenus
714 3219 1025 3301 congrediebantur,
1049 3237 1156 3301 saepe
1169 3216 1309 3300 repenti·⁸

92 3285 101 3292 “
178 3301 181 3310 ’
270 3301 321 3364 iiis
343 3300 545 3364 incursibus
547 3305 690 3368 maxima
719 3302 847 3384 patratis
877 3301 1022 3374 audacia,
1052 3304 1163 3368 hostes
1186 3303 1304 3366 adorie

270 3387 399 3449 bantur.
420 3419 462 3436 --
483 3389 618 3457 Interea
639 3387 908 3452 Mediolanenses
931 3404 964 3452 et
984 3391 1213 3487 veronenses,
1234 3407 1305 3449 eon-

219 3469 348 3558 flato
376 3491 420 3535 ex
441 3471 621 3536 civitatibus
643 3473 704 3536 sibi
732 3472 918 3536 faventibus
948 3473 1104 3550 exercitu,
1133 3476 1346 3538 cumeae-1

272 3550 354 3631 sare,
383 3555 418 3618 in
443 3556 613 3622 obsidione
637 3556 773 3621 ciibtatis
794 3558 913 3640 posito,
942 3559 1102 3652 cpngredi
1119 3571 1304 3629 statuerunt,

270 3653 305 3702 et
326 3655 363 3705 ut
384 3633 445 3716 his,
467 3641 524 3722 qui
535 3643 720 3706 obsidione
718 3637 975 3742 premebantur,
999 3659 1184 3726 opportune
1202 3661 1305 3706 occur

270 3740 391 3818 retent,
408 3741 442 3790 et
462 3746 571 3792 rursus
594 3731 634 3790 ab
656 3727 704 3791 eis
727 3725 838 3808 adjuti,
858 3728 1013 3791 facilius
993 3741 1249 3826 imperatorem
1257 3747 1318 3788 cuv

270 3826 434 3890 peterent.
478 3811 556 3899 Quo
585 3828 770 3912 comperto·
781 3815 901 3878 Caesar
929 3813 1136 3878 obsidionem
1157 3813 1254 3876 solvit
1274 3821 1322 3873 et*

270 3915 312 3954 a
322 3893 454 3964 civitate
484 3896 633 3971 recessit,
666 3896 826 3995 quoniam
860 3919 933 3961 eam
967 3919 1121 3980 superare
1148 3893 1304 3980 nequivit.

271 3977 393 4042 Cives
390 3980 491 4046 enim
522 3995 630 4056 tiures
651 3981 797 4068 ligneas,
826 4001 919 4066 quas
936 3987 1056 4056 Caesar
1083 3985 1304 4101 adxexpussm·

1185 4083 1303 4177 tionem
