<?xml version="1.0" encoding="UTF-8"?>
<!DOCTYPE html PUBLIC "-//W3C//DTD XHTML 1.0 Transitional//EN"
    "http://www.w3.org/TR/xhtml1/DTD/xhtml1-transitional.dtd">
<html xmlns="http://www.w3.org/1999/xhtml" xml:lang="en" lang="en">
 <head>
  <title>
</title>
<meta http-equiv="Content-Type" content="text/html;charset=utf-8" />
  <meta name='ocr-system' content='tesseract 3.04.00' />
  <meta name='ocr-capabilities' content='ocr_page ocr_carea ocr_par ocr_line ocrx_word'/>
</head>
<body>
  <div class='ocr_page' id='page_1' title='image "./handbuchmerkwrd00raumgoog_0165.png"; bbox 0 0 2832 4852; ppageno 0'>
   <div class='ocr_carea' id='block_1_1' title="bbox 885 402 926 436">
    <p class='ocr_par' dir='ltr' id='par_1_1' title="bbox 885 402 926 436">
     <span class='ocr_line' id='line_1_1' title="bbox 885 402 926 436; baseline 0 0"><span class='ocrx_word' id='word_1_1' title='bbox 885 402 888 410; x_wconf 68' lang='lat'><em>⁴</em></span> <span class='ocrx_word' id='word_1_2' title='bbox 916 409 926 436; x_wconf 73' lang='lat' dir='ltr'><strong>t</strong></span> 
     </span>
    </p>
   </div>
   <div class='ocr_carea' id='block_1_2' title="bbox 127 601 1304 724">
    <p class='ocr_par' dir='ltr' id='par_1_2' title="bbox 127 601 1304 724">
     <span class='ocr_line' id='line_1_2' title="bbox 127 601 1304 724; baseline -0.006 -17"><span class='ocrx_word' id='word_1_3' title='bbox 127 601 129 610; x_wconf 51' lang='lat'><strong>,</strong></span> <span class='ocrx_word' id='word_1_4' title='bbox 179 635 181 640; x_wconf 72' lang='grc'><strong>’</strong></span> <span class='ocrx_word' id='word_1_5' title='bbox 249 606 436 722; x_wconf 69' lang='lat' dir='ltr'><strong>&#39;ponerem</strong></span> <span class='ocrx_word' id='word_1_6' title='bbox 449 655 537 706; x_wconf 50' lang='lat' dir='ltr'><strong>¹vett</strong></span> <span class='ocrx_word' id='word_1_7' title='bbox 556 636 646 704; x_wconf 85' lang='lat' dir='ltr'><strong>falsis</strong></span> <span class='ocrx_word' id='word_1_8' title='bbox 668 637 853 714; x_wconf 70' lang='lat' dir='ltr'>miscentes,</span> <span class='ocrx_word' id='word_1_9' title='bbox 874 638 963 722; x_wconf 89' lang='lat' dir='ltr'><strong>apud</strong></span> <span class='ocrx_word' id='word_1_10' title='bbox 986 640 1304 724; x_wconf 76' lang='lat' dir='ltr'><strong>Romanum‘pnnti.</strong></span> 
     </span>
    </p>
   </div>
   <div class='ocr_carea' id='block_1_3' title="bbox 265 720 1412 808">
    <p class='ocr_par' dir='ltr' id='par_1_3' title="bbox 265 720 1412 808">
     <span class='ocr_line' id='line_1_3' title="bbox 265 720 1412 808; baseline -0.003 -16"><span class='ocrx_word' id='word_1_11' title='bbox 265 726 362 792; x_wconf 72' lang='lat' dir='ltr'><strong>ficem</strong></span> <span class='ocrx_word' id='word_1_12' title='bbox 384 725 581 808; x_wconf 83' lang='lat' dir='ltr'><strong>Gregorium</strong></span> <span class='ocrx_word' id='word_1_13' title='bbox 606 720 785 808; x_wconf 85' lang='lat' dir='ltr'><strong>septimum</strong></span> <span class='ocrx_word' id='word_1_14' title='bbox 812 745 892 788; x_wconf 81' lang='lat' dir='ltr'><strong>etun</strong></span> <span class='ocrx_word' id='word_1_15' title='bbox 920 725 1126 804; x_wconf 85' lang='lat' dir='ltr'><strong>deferebant,</strong></span> <span class='ocrx_word' id='word_1_16' title='bbox 1151 749 1231 792; x_wconf 50' lang='lat' dir='ltr'><strong>*non</strong></span> <span class='ocrx_word' id='word_1_17' title='bbox 1252 733 1305 796; x_wconf 83' lang='lat' dir='ltr'><strong>de-</strong></span> <span class='ocrx_word' id='word_1_18' title='bbox 1411 725 1412 728; x_wconf 70' lang='grc'>’</span> 
     </span>
    </p>
   </div>
   <div class='ocr_carea' id='block_1_4' title="bbox 218 809 1308 1842">
    <p class='ocr_par' dir='ltr' id='par_1_4' title="bbox 218 809 1308 1842">
     <span class='ocr_line' id='line_1_4' title="bbox 247 809 1304 896; baseline 0.004 -22"><span class='ocrx_word' id='word_1_19' title='bbox 247 809 340 876; x_wconf 64' lang='lat' dir='ltr'><strong>&#39;cete</strong></span> <span class='ocrx_word' id='word_1_20' title='bbox 361 825 426 874; x_wconf 87' lang='lat' dir='ltr'><strong>tam</strong></span> <span class='ocrx_word' id='word_1_21' title='bbox 447 810 660 896; x_wconf 78' lang='lat' dir='ltr'><strong>flagitiorum,</strong></span> <span class='ocrx_word' id='word_1_22' title='bbox 687 812 761 894; x_wconf 89' lang='lat' dir='ltr'><strong>plus</strong></span> <span class='ocrx_word' id='word_1_23' title='bbox 781 826 898 872; x_wconf 88' lang='lat' dir='ltr'><strong>notum</strong></span> <span class='ocrx_word' id='word_1_24' title='bbox 920 809 1056 876; x_wconf 82' lang='lat' dir='ltr'><strong>crimine</strong></span> <span class='ocrx_word' id='word_1_25' title='bbox 1078 817 1179 892; x_wconf 81' lang='lat' dir='ltr'><strong>quam</strong></span> <span class='ocrx_word' id='word_1_26' title='bbox 1201 815 1304 878; x_wconf 87' lang='lat' dir='ltr'><strong>nomi·</strong></span> 
     </span>
     <span class='ocr_line' id='line_1_5' title="bbox 218 893 1303 980; baseline -0.002 -22"><span class='ocrx_word' id='word_1_27' title='bbox 218 913 222 922; x_wconf 90' lang='lat'>·</span> <span class='ocrx_word' id='word_1_28' title='bbox 264 917 325 972; x_wconf 87' lang='lat' dir='ltr'><strong>ne,</strong></span> <span class='ocrx_word' id='word_1_29' title='bbox 348 917 501 978; x_wconf 73' lang='lat' dir='ltr'>regnaret</span> <span class='ocrx_word' id='word_1_30' title='bbox 532 896 676 960; x_wconf 79' lang='lat' dir='ltr'><strong>mersisne</strong></span> <span class='ocrx_word' id='word_1_31' title='bbox 698 915 774 957; x_wconf 86' lang='lat' dir='ltr'><strong>cum</strong></span> <span class='ocrx_word' id='word_1_32' title='bbox 796 894 865 956; x_wconf 85' lang='lat' dir='ltr'><strong>sibi</strong></span> <span class='ocrx_word' id='word_1_33' title='bbox 881 893 1004 978; x_wconf 83' lang='lat' dir='ltr'><strong>regiam</strong></span> <span class='ocrx_word' id='word_1_34' title='bbox 1025 893 1218 980; x_wconf 54' lang='lat' dir='ltr'><strong>digniorem</strong></span> <span class='ocrx_word' id='word_1_35' title='bbox 1239 903 1303 964; x_wconf 83' lang='lat' dir='ltr'><strong>Ro.</strong></span> 
     </span>
     <span class='ocr_line' id='line_1_6' title="bbox 264 979 1304 1064; baseline 0.006 -20"><span class='ocrx_word' id='word_1_36' title='bbox 264 1003 318 1044; x_wconf 82' lang='lat' dir='ltr'><strong>ma</strong></span> <span class='ocrx_word' id='word_1_37' title='bbox 339 983 410 1044; x_wconf 86' lang='lat' dir='ltr'><strong>tion</strong></span> <span class='ocrx_word' id='word_1_38' title='bbox 431 979 620 1045; x_wconf 77' lang='lat' dir='ltr'><strong>contulerit:</strong></span> <span class='ocrx_word' id='word_1_39' title='bbox 652 995 785 1062; x_wconf 90' lang='lat' dir='ltr'><strong>oporter</strong></span> <span class='ocrx_word' id='word_1_40' title='bbox 828 983 957 1054; x_wconf 73' lang='lat' dir='ltr'><strong>Romae</strong></span> <span class='ocrx_word' id='word_1_41' title='bbox 980 1001 1077 1046; x_wconf 87' lang='lat' dir='ltr'><strong>suurn</strong></span> <span class='ocrx_word' id='word_1_42' title='bbox 1096 981 1161 1064; x_wconf 70' lang='lat' dir='ltr'><strong>jur</strong></span> <span class='ocrx_word' id='word_1_43' title='bbox 1173 986 1208 1046; x_wconf 91' lang='lat' dir='ltr'><strong>in</strong></span> <span class='ocrx_word' id='word_1_44' title='bbox 1230 1005 1304 1050; x_wconf 86' lang='lat' dir='ltr'><strong>con·</strong></span> 
     </span>
     <span class='ocr_line' id='line_1_7' title="bbox 264 1001 1308 1150; baseline 0.01 -22"><span class='ocrx_word' id='word_1_45' title='bbox 264 1067 434 1144; x_wconf 80' lang='lat' dir='ltr'><strong>stituendis</strong></span> <span class='ocrx_word' id='word_1_46' title='bbox 448 1091 452 1106; x_wconf 91' lang='lat'>·</span> <span class='ocrx_word' id='word_1_47' title='bbox 465 1065 596 1149; x_wconf 79' lang='lat' dir='ltr'><strong>regibus</strong></span> <span class='ocrx_word' id='word_1_48' title='bbox 626 1061 736 1131; x_wconf 81' lang='lat' dir='ltr'><strong>reddi:</strong></span> <span class='ocrx_word' id='word_1_49' title='bbox 777 1001 993 1145; x_wconf 63' lang='lat' dir='ltr'><strong>,inviderent</strong></span> <span class='ocrx_word' id='word_1_50' title='bbox 1030 1067 1228 1150; x_wconf 77' lang='lat' dir='ltr'><strong>apostolicus</strong></span> <span class='ocrx_word' id='word_1_51' title='bbox 1260 1082 1308 1138; x_wconf 79' lang='lat' dir='ltr'><strong>et&#39;</strong></span> 
     </span>
     <span class='ocr_line' id='line_1_8' title="bbox 264 1148 1305 1236; baseline 0.004 -20"><span class='ocrx_word' id='word_1_52' title='bbox 264 1148 374 1216; x_wconf 80' lang='lat' dir='ltr'><strong>Roma</strong></span> <span class='ocrx_word' id='word_1_53' title='bbox 401 1173 444 1218; x_wconf 82' lang='lat' dir='ltr'><strong>ex</strong></span> <span class='ocrx_word' id='word_1_54' title='bbox 470 1148 608 1214; x_wconf 83' lang='lat' dir='ltr'><strong>consilio</strong></span> <span class='ocrx_word' id='word_1_55' title='bbox 640 1149 846 1234; x_wconf 80' lang='lat' dir='ltr'><strong>principum,</strong></span> <span class='ocrx_word' id='word_1_56' title='bbox 877 1153 971 1232; x_wconf 87' lang='lat' dir='ltr'><strong>cujus</strong></span> <span class='ocrx_word' id='word_1_57' title='bbox 1003 1152 1070 1216; x_wconf 85' lang='lat' dir='ltr'><strong>vita</strong></span> <span class='ocrx_word' id='word_1_58' title='bbox 1091 1169 1125 1217; x_wconf 86' lang='lat' dir='ltr'><strong>et</strong></span> <span class='ocrx_word' id='word_1_59' title='bbox 1145 1155 1305 1236; x_wconf 73' lang='lat' dir='ltr'>sapientia</span> 
     </span>
     <span class='ocr_line' id='line_1_9' title="bbox 238 1235 1303 1324; baseline 0.004 -24"><span class='ocrx_word' id='word_1_60' title='bbox 238 1252 353 1302; x_wconf 79' lang='lat' dir='ltr'><strong>=taoto</strong></span> <span class='ocrx_word' id='word_1_61' title='bbox 383 1251 579 1324; x_wconf 81' lang='lat' dir='ltr'>congrueret</span> <span class='ocrx_word' id='word_1_62' title='bbox 609 1235 743 1300; x_wconf 67' lang='lat' dir='ltr'><strong>honorii</strong></span> <span class='ocrx_word' id='word_1_63' title='bbox 775 1271 781 1284; x_wconf 72' lang='lat'><strong>.</strong></span> <span class='ocrx_word' id='word_1_64' title='bbox 816 1237 893 1324; x_wconf 78' lang='lat' dir='ltr'><strong>Qua</strong></span> <span class='ocrx_word' id='word_1_65' title='bbox 926 1238 1145 1320; x_wconf 75' lang='lat' dir='ltr'><strong>surreptione.</strong></span> <span class='ocrx_word' id='word_1_66' title='bbox 1164 1236 1303 1307; x_wconf 71' lang='lat' dir='ltr'><strong>uorsus</strong></span> 
     </span>
     <span class='ocr_line' id='line_1_10' title="bbox 264 1320 1304 1408; baseline 0.003 -21"><span class='ocrx_word' id='word_1_67' title='bbox 264 1323 477 1406; x_wconf 82' lang='lat' dir='ltr'><strong>apostolicus,</strong></span> <span class='ocrx_word' id='word_1_68' title='bbox 506 1322 607 1384; x_wconf 88' lang='lat' dir='ltr'><strong>simul</strong></span> <span class='ocrx_word' id='word_1_69' title='bbox 630 1320 811 1390; x_wconf 82' lang='lat' dir='ltr'><strong>ethonore</strong></span> <span class='ocrx_word' id='word_1_70' title='bbox 834 1323 966 1386; x_wconf 80' lang='lat' dir='ltr'><strong>creandi</strong></span> <span class='ocrx_word' id='word_1_71' title='bbox 987 1322 1092 1408; x_wconf 78' lang='lat' dir='ltr'><strong>regis,</strong></span> <span class='ocrx_word' id='word_1_72' title='bbox 1117 1344 1220 1408; x_wconf 81' lang='lat' dir='ltr'><strong>quem</strong></span> <span class='ocrx_word' id='word_1_73' title='bbox 1240 1325 1304 1390; x_wconf 83' lang='lat' dir='ltr'><strong>tibi</strong></span> 
     </span>
     <span class='ocr_line' id='line_1_11' title="bbox 257 1406 1303 1490; baseline 0 -16"><span class='ocrx_word' id='word_1_74' title='bbox 257 1409 418 1474; x_wconf 74' lang='lat' dir='ltr'><strong>dallaoiter</strong></span> <span class='ocrx_word' id='word_1_75' title='bbox 433 1409 632 1482; x_wconf 72' lang='lat' dir='ltr'>obtuleram,</span> <span class='ocrx_word' id='word_1_76' title='bbox 654 1406 833 1487; x_wconf 70' lang='lat' dir='ltr'><strong>impulsus,</strong></span> <span class='ocrx_word' id='word_1_77' title='bbox 851 1427 965 1490; x_wconf 83' lang='lat' dir='ltr'><strong>regern</strong></span> <span class='ocrx_word' id='word_1_78' title='bbox 986 1410 1097 1472; x_wconf 85' lang='lat' dir='ltr'><strong>banno</strong></span> <span class='ocrx_word' id='word_1_79' title='bbox 1117 1410 1303 1488; x_wconf 79' lang='lat' dir='ltr'><strong>innodavit,</strong></span> 
     </span>
     <span class='ocr_line' id='line_1_12' title="bbox 263 1490 1301 1576; baseline 0.006 -20"><span class='ocrx_word' id='word_1_80' title='bbox 263 1509 296 1559; x_wconf 87' lang='lat' dir='ltr'><strong>et</strong></span> <span class='ocrx_word' id='word_1_81' title='bbox 318 1493 489 1576; x_wconf 84' lang='lat' dir='ltr'><strong>episcopis,</strong></span> <span class='ocrx_word' id='word_1_82' title='bbox 510 1493 648 1574; x_wconf 82' lang='lat' dir='ltr'><strong>aliisque</strong></span> <span class='ocrx_word' id='word_1_83' title='bbox 670 1491 763 1574; x_wconf 81' lang='lat' dir='ltr'><strong>regui</strong></span> <span class='ocrx_word' id='word_1_84' title='bbox 777 1490 987 1574; x_wconf 84' lang='lat' dir='ltr'><strong>principibus,</strong></span> <span class='ocrx_word' id='word_1_85' title='bbox 1008 1509 1045 1556; x_wconf 92' lang='lat' dir='ltr'><strong>ut</strong></span> <span class='ocrx_word' id='word_1_86' title='bbox 1062 1515 1081 1557; x_wconf 86' lang='lat' dir='ltr'><strong>a</strong></span> <span class='ocrx_word' id='word_1_87' title='bbox 1097 1497 1301 1566; x_wconf 65' lang='lat' dir='ltr'><strong>ommunic-</strong></span> 
     </span>
     <span class='ocr_line' id='line_1_13' title="bbox 261 1577 1303 1662; baseline 0.004 -20"><span class='ocrx_word' id='word_1_88' title='bbox 261 1599 306 1642; x_wconf 89' lang='lat' dir='ltr'><strong>ue</strong></span> <span class='ocrx_word' id='word_1_89' title='bbox 328 1579 603 1642; x_wconf 68' lang='lat' dir='ltr'><strong>excommunioni</strong></span> <span class='ocrx_word' id='word_1_90' title='bbox 622 1577 706 1662; x_wconf 79' lang='lat' dir='ltr'><strong>regis</strong></span> <span class='ocrx_word' id='word_1_91' title='bbox 728 1597 764 1639; x_wconf 89' lang='lat' dir='ltr'><strong>se</strong></span> <span class='ocrx_word' id='word_1_92' title='bbox 786 1580 997 1654; x_wconf 82' lang='lat' dir='ltr'><strong>retraherent,</strong></span> <span class='ocrx_word' id='word_1_93' title='bbox 1019 1580 1245 1656; x_wconf 73' lang='lat' dir='ltr'><strong>denuntiavitc</strong></span> <span class='ocrx_word' id='word_1_94' title='bbox 1266 1599 1303 1646; x_wconf 89' lang='lat' dir='ltr'><strong>se</strong></span> 
     </span>
     <span class='ocr_line' id='line_1_14' title="bbox 264 1661 1304 1749; baseline 0.004 -23"><span class='ocrx_word' id='word_1_95' title='bbox 264 1664 328 1726; x_wconf 88' lang='lat' dir='ltr'><strong>cito</strong></span> <span class='ocrx_word' id='word_1_96' title='bbox 350 1677 528 1727; x_wconf 83' lang='lat' dir='ltr'><strong>venturum</strong></span> <span class='ocrx_word' id='word_1_97' title='bbox 550 1663 585 1726; x_wconf 86' lang='lat' dir='ltr'><strong>in</strong></span> <span class='ocrx_word' id='word_1_98' title='bbox 607 1661 806 1726; x_wconf 86' lang='lat' dir='ltr'><strong>Teutonicas</strong></span> <span class='ocrx_word' id='word_1_99' title='bbox 829 1681 917 1738; x_wconf 79' lang='lat' dir='ltr'><strong>oras,</strong></span> <span class='ocrx_word' id='word_1_100' title='bbox 944 1663 1002 1727; x_wconf 89' lang='lat' dir='ltr'><strong>ubi</strong></span> <span class='ocrx_word' id='word_1_101' title='bbox 1025 1665 1070 1730; x_wconf 85' lang='lat' dir='ltr'><strong>de</strong></span> <span class='ocrx_word' id='word_1_102' title='bbox 1090 1667 1232 1749; x_wconf 72' lang='lat' dir='ltr'><strong>negotiis</strong></span> <span class='ocrx_word' id='word_1_103' title='bbox 1254 1688 1304 1732; x_wconf 85' lang='lat' dir='ltr'><strong>ec·</strong></span> 
     </span>
     <span class='ocr_line' id='line_1_15' title="bbox 262 1745 1302 1842; baseline 0.004 -30"><span class='ocrx_word' id='word_1_104' title='bbox 262 1747 447 1814; x_wconf 83' lang='lat' dir='ltr'><strong>clesiastiois</strong></span> <span class='ocrx_word' id='word_1_105' title='bbox 476 1763 510 1814; x_wconf 88' lang='lat' dir='ltr'><strong>et</strong></span> <span class='ocrx_word' id='word_1_106' title='bbox 537 1745 742 1831; x_wconf 83' lang='lat' dir='ltr'><strong>potissimum</strong></span> <span class='ocrx_word' id='word_1_107' title='bbox 771 1750 815 1811; x_wconf 88' lang='lat' dir='ltr'><strong>de</strong></span> <span class='ocrx_word' id='word_1_108' title='bbox 841 1767 945 1830; x_wconf 68' lang='lat' dir='ltr'><strong>regnu</strong></span> <span class='ocrx_word' id='word_1_109' title='bbox 968 1762 1163 1816; x_wconf 77' lang='lat' dir='ltr'><strong>tractaretur.</strong></span> <span class='ocrx_word' id='word_1_110' title='bbox 1208 1753 1302 1842; x_wconf 78' lang='lat' dir='ltr'><strong>Quin</strong></span> 
     </span>
    </p>
   </div>
   <div class='ocr_carea' id='block_1_5' title="bbox 159 1833 1301 1918">
    <p class='ocr_par' dir='ltr' id='par_1_5' title="bbox 159 1833 1301 1918">
     <span class='ocr_line' id='line_1_16' title="bbox 159 1833 1301 1918; baseline 0.005 -22"><span class='ocrx_word' id='word_1_111' title='bbox 159 1901 164 1911; x_wconf 19' lang='grc' dir='ltr'><strong>λ</strong></span> <span class='ocrx_word' id='word_1_112' title='bbox 262 1838 362 1898; x_wconf 85' lang='lat' dir='ltr'><strong>etiani</strong></span> <span class='ocrx_word' id='word_1_113' title='bbox 385 1851 418 1897; x_wconf 88' lang='lat' dir='ltr'><strong>et</strong></span> <span class='ocrx_word' id='word_1_114' title='bbox 432 1835 503 1897; x_wconf 85' lang='lat' dir='ltr'><strong>boc</strong></span> <span class='ocrx_word' id='word_1_115' title='bbox 524 1833 663 1896; x_wconf 74' lang='lat' dir='ltr'><strong>addiditr</strong></span> <span class='ocrx_word' id='word_1_116' title='bbox 685 1834 825 1896; x_wconf 84' lang='lat' dir='ltr'><strong>absoluit</strong></span> <span class='ocrx_word' id='word_1_117' title='bbox 846 1853 962 1902; x_wconf 85' lang='lat' dir='ltr'><strong>ornnes</strong></span> <span class='ocrx_word' id='word_1_118' title='bbox 985 1855 1003 1898; x_wconf 88' lang='lat' dir='ltr'><strong>a</strong></span> <span class='ocrx_word' id='word_1_119' title='bbox 1021 1834 1222 1916; x_wconf 84' lang='lat' dir='ltr'><strong>juramento,</strong></span> <span class='ocrx_word' id='word_1_120' title='bbox 1244 1837 1301 1918; x_wconf 90' lang='lat' dir='ltr'><strong>qui</strong></span> 
     </span>
    </p>
   </div>
   <div class='ocr_carea' id='block_1_6' title="bbox 229 1917 1335 2004">
    <p class='ocr_par' dir='ltr' id='par_1_6' title="bbox 229 1917 1335 2004">
     <span class='ocr_line' id='line_1_17' title="bbox 229 1917 1335 2004; baseline 0.005 -24"><span class='ocrx_word' id='word_1_121' title='bbox 229 1969 231 1980; x_wconf 86' lang='grc'>,</span> <span class='ocrx_word' id='word_1_122' title='bbox 260 1920 362 1985; x_wconf 83' lang='lat' dir='ltr'><strong>iidem</strong></span> <span class='ocrx_word' id='word_1_123' title='bbox 382 1919 454 2002; x_wconf 78' lang='lat' dir='ltr'><strong>regi</strong></span> <span class='ocrx_word' id='word_1_124' title='bbox 472 1920 676 2002; x_wconf 75' lang='lat' dir='ltr'>juraveram,</span> <span class='ocrx_word' id='word_1_125' title='bbox 709 1920 876 1980; x_wconf 84' lang='lat' dir='ltr'><strong>utcontra</strong></span> <span class='ocrx_word' id='word_1_126' title='bbox 897 1939 976 1982; x_wconf 84' lang='lat' dir='ltr'><strong>eum</strong></span> <span class='ocrx_word' id='word_1_127' title='bbox 1005 1917 1191 2004; x_wconf 86' lang='lat' dir='ltr'><strong>impelleret</strong></span> <span class='ocrx_word' id='word_1_128' title='bbox 1213 1925 1302 1986; x_wconf 83' lang='lat' dir='ltr'><strong>abso·</strong></span> <span class='ocrx_word' id='word_1_129' title='bbox 1332 1993 1335 2004; x_wconf 35' lang='grc' dir='ltr'>Ι</span> 
     </span>
    </p>
   </div>
   <div class='ocr_carea' id='block_1_7' title="bbox 1411 3 1420 1445">
    <p class='ocr_par' dir='ltr' id='par_1_7' title="bbox 1411 3 1420 1445">
     <span class='ocr_line' id='line_1_18' title="bbox 1411 3 1420 1445; baseline 0 0"><span class='ocrx_word' id='word_1_130' title='bbox 1411 3 1420 1445; x_wconf 95' lang='lat' dir='ltr'><strong> </strong></span> 
     </span>
    </p>
   </div>
   <div class='ocr_carea' id='block_1_8' title="bbox 260 2001 1415 2094">
    <p class='ocr_par' dir='ltr' id='par_1_8' title="bbox 260 2001 1415 2094">
     <span class='ocr_line' id='line_1_19' title="bbox 260 2001 1415 2094; baseline 0.003 -26"><span class='ocrx_word' id='word_1_131' title='bbox 260 2005 352 2080; x_wconf 79' lang='lat' dir='ltr'><strong>lusio,</strong></span> <span class='ocrx_word' id='word_1_132' title='bbox 374 2023 457 2086; x_wconf 89' lang='lat' dir='ltr'><strong>quos</strong></span> <span class='ocrx_word' id='word_1_133' title='bbox 479 2004 557 2068; x_wconf 90' lang='lat' dir='ltr'><strong>fidei</strong></span> <span class='ocrx_word' id='word_1_134' title='bbox 579 2005 684 2067; x_wconf 88' lang='lat' dir='ltr'><strong>tenuit</strong></span> <span class='ocrx_word' id='word_1_135' title='bbox 704 2001 868 2084; x_wconf 80' lang='lat' dir='ltr'><strong>obligatio.</strong></span> <span class='ocrx_word' id='word_1_136' title='bbox 922 2005 1025 2092; x_wconf 78' lang='lat' dir='ltr'><strong>Quod</strong></span> <span class='ocrx_word' id='word_1_137' title='bbox 1045 2007 1173 2082; x_wconf 79' lang='lat' dir='ltr'><strong>iactum.</strong></span> <span class='ocrx_word' id='word_1_138' title='bbox 1190 2009 1298 2072; x_wconf 80' lang='lat' dir='ltr'><strong>multis</strong></span> <span class='ocrx_word' id='word_1_139' title='bbox 1341 2004 1343 2009; x_wconf 64' lang='grc'>’</span> <span class='ocrx_word' id='word_1_140' title='bbox 1402 2043 1415 2094; x_wconf 40' lang='lat'><strong>5.</strong></span> 
     </span>
    </p>
   </div>
   <div class='ocr_carea' id='block_1_9' title="bbox 229 2088 1415 3026">
    <p class='ocr_par' dir='ltr' id='par_1_9' title="bbox 229 2088 1415 3026">
     <span class='ocr_line' id='line_1_20' title="bbox 262 2088 1415 2175; baseline 0.005 -23"><span class='ocrx_word' id='word_1_141' title='bbox 262 2089 489 2175; x_wconf 77' lang='lat' dir='ltr'><strong>displicuit:(si</strong></span> <span class='ocrx_word' id='word_1_142' title='bbox 507 2088 561 2152; x_wconf 86' lang='lat' dir='ltr'><strong>cui</strong></span> <span class='ocrx_word' id='word_1_143' title='bbox 576 2089 748 2171; x_wconf 70' lang='lat' dir='ltr'><strong>displicere</strong></span> <span class='ocrx_word' id='word_1_144' title='bbox 764 2089 852 2163; x_wconf 89' lang='lat' dir='ltr'><strong>licet,</strong></span> <span class='ocrx_word' id='word_1_145' title='bbox 872 2091 962 2168; x_wconf 86' lang='lat' dir='ltr'><strong>quud</strong></span> <span class='ocrx_word' id='word_1_146' title='bbox 975 2091 1178 2172; x_wconf 81' lang='lat' dir='ltr'><strong>apostolicus</strong></span> <span class='ocrx_word' id='word_1_147' title='bbox 1194 2093 1295 2171; x_wconf 80' lang='lat' dir='ltr'><strong>fecit),</strong></span> <span class='ocrx_word' id='word_1_148' title='bbox 1413 2151 1415 2158; x_wconf 88' lang='grc'><em>,</em></span> 
     </span>
     <span class='ocr_line' id='line_1_21' title="bbox 261 2173 1415 2266; baseline -0.001 -27"><span class='ocrx_word' id='word_1_149' title='bbox 261 2191 300 2239; x_wconf 60' lang='lat' dir='ltr'><strong>et.</strong></span> <span class='ocrx_word' id='word_1_150' title='bbox 322 2178 524 2266; x_wconf 60' lang='lat' dir='ltr'><strong>asserebant,</strong></span> <span class='ocrx_word' id='word_1_151' title='bbox 558 2190 628 2237; x_wconf 87' lang='lat' dir='ltr'><strong>tam·</strong></span> <span class='ocrx_word' id='word_1_152' title='bbox 649 2173 863 2236; x_wconf 83' lang='lat' dir='ltr'><strong>ineifioacitei·</strong></span> <span class='ocrx_word' id='word_1_153' title='bbox 894 2194 995 2260; x_wconf 72' lang='lat' dir='ltr'><strong>quarn</strong></span> <span class='ocrx_word' id='word_1_154' title='bbox 1024 2173 1135 2240; x_wconf 90' lang='lat' dir='ltr'><strong>illicite</strong></span> <span class='ocrx_word' id='word_1_155' title='bbox 1166 2178 1296 2252; x_wconf 85' lang='lat' dir='ltr'><strong>facturn,</strong></span> <span class='ocrx_word' id='word_1_156' title='bbox 1330 2253 1334 2260; x_wconf 94' lang='lat'><strong>.</strong></span> <span class='ocrx_word' id='word_1_157' title='bbox 1413 2245 1415 2254; x_wconf 54' lang='lat'><strong>.</strong></span> 
     </span>
     <span class='ocr_line' id='line_1_22' title="bbox 229 2250 1318 2342; baseline 0.005 -20"><span class='ocrx_word' id='word_1_158' title='bbox 229 2295 234 2309; x_wconf 56' lang='grc' dir='ltr'><em>ι</em></span> <span class='ocrx_word' id='word_1_159' title='bbox 260 2263 352 2342; x_wconf 83' lang='lat' dir='ltr'><strong>quud</strong></span> <span class='ocrx_word' id='word_1_160' title='bbox 379 2263 508 2326; x_wconf 82' lang='lat' dir='ltr'><strong>factum-</strong></span> <span class='ocrx_word' id='word_1_161' title='bbox 528 2250 591 2324; x_wconf 64' lang='lat' dir='ltr'><strong>ist.</strong></span> <span class='ocrx_word' id='word_1_162' title='bbox 636 2260 702 2329; x_wconf 82' lang='lat' dir='ltr'><strong>Sed</strong></span> <span class='ocrx_word' id='word_1_163' title='bbox 730 2278 800 2322; x_wconf 87' lang='lat' dir='ltr'><strong>non</strong></span> <span class='ocrx_word' id='word_1_164' title='bbox 826 2257 930 2332; x_wconf 83' lang='lat' dir='ltr'><strong>ausim</strong></span> <span class='ocrx_word' id='word_1_165' title='bbox 959 2260 1152 2328; x_wconf 75' lang='lat' dir='ltr'><strong>assertiones</strong></span> <span class='ocrx_word' id='word_1_166' title='bbox 1183 2281 1318 2328; x_wconf 80' lang='lat' dir='ltr'><strong>eorutn.¹</strong></span> 
     </span>
     <span class='ocr_line' id='line_1_23' title="bbox 230 2341 1299 2428; baseline 0 -20"><span class='ocrx_word' id='word_1_167' title='bbox 230 2385 233 2392; x_wconf 86' lang='lat'><em>-</em></span> <span class='ocrx_word' id='word_1_168' title='bbox 262 2363 409 2428; x_wconf 80' lang='lat' dir='ltr'><strong>ponere,</strong></span> <span class='ocrx_word' id='word_1_169' title='bbox 431 2365 481 2410; x_wconf 84' lang='lat' dir='ltr'><strong>ne</strong></span> <span class='ocrx_word' id='word_1_170' title='bbox 504 2345 618 2410; x_wconf 80' lang='lat' dir='ltr'><strong>videar</strong></span> <span class='ocrx_word' id='word_1_171' title='bbox 638 2364 713 2406; x_wconf 86' lang='lat' dir='ltr'><strong>cum</strong></span> <span class='ocrx_word' id='word_1_172' title='bbox 737 2341 784 2408; x_wconf 88' lang='lat' dir='ltr'><strong>eis</strong></span> <span class='ocrx_word' id='word_1_173' title='bbox 806 2343 975 2424; x_wconf 86' lang='lat' dir='ltr'><strong>apostolici</strong></span> <span class='ocrx_word' id='word_1_174' title='bbox 993 2345 1299 2414; x_wconf 50' lang='lat' dir='ltr'><strong>factum&#39;refellere.</strong></span> 
     </span>
     <span class='ocr_line' id='line_1_24' title="bbox 259 2426 1319 2516; baseline 0 -18"><span class='ocrx_word' id='word_1_175' title='bbox 259 2426 346 2498; x_wconf 78' lang='lat' dir='ltr'><strong>Mox</strong></span> <span class='ocrx_word' id='word_1_176' title='bbox 367 2447 397 2495; x_wconf 85' lang='lat' dir='ltr'><strong>et</strong></span> <span class='ocrx_word' id='word_1_177' title='bbox 422 2429 585 2514; x_wconf 74' lang='lat' dir='ltr'><strong>episcopi,</strong></span> <span class='ocrx_word' id='word_1_178' title='bbox 611 2429 765 2506; x_wconf 80' lang='lat' dir='ltr'><strong>tatn&#39;illi,</strong></span> <span class='ocrx_word' id='word_1_179' title='bbox 793 2435 1004 2509; x_wconf 84' lang='lat' dir='ltr'><strong>quos&#39;amor,</strong></span> <span class='ocrx_word' id='word_1_180' title='bbox 1038 2427 1138 2511; x_wconf 81' lang='lat' dir='ltr'><strong>quam</strong></span> <span class='ocrx_word' id='word_1_181' title='bbox 1160 2451 1244 2516; x_wconf 80' lang='lat' dir='ltr'><strong>quos</strong></span> <span class='ocrx_word' id='word_1_182' title='bbox 1267 2434 1319 2498; x_wconf 89' lang='lat' dir='ltr'><strong>ti·&#39;</strong></span> 
     </span>
     <span class='ocr_line' id='line_1_25' title="bbox 259 2515 1333 2600; baseline 0.001 -20"><span class='ocrx_word' id='word_1_183' title='bbox 259 2535 334 2580; x_wconf 81' lang='lat' dir='ltr'><strong>utor</strong></span> <span class='ocrx_word' id='word_1_184' title='bbox 361 2515 397 2580; x_wconf 86' lang='lat' dir='ltr'><strong>in</strong></span> <span class='ocrx_word' id='word_1_185' title='bbox 424 2533 549 2600; x_wconf 87' lang='lat' dir='ltr'><strong>partem</strong></span> <span class='ocrx_word' id='word_1_186' title='bbox 571 2515 662 2596; x_wconf 82' lang='lat' dir='ltr'><strong>regis</strong></span> <span class='ocrx_word' id='word_1_187' title='bbox 692 2529 838 2588; x_wconf 78' lang='lat' dir='ltr'><strong>traxerat,</strong></span> <span class='ocrx_word' id='word_1_188' title='bbox 873 2530 1058 2580; x_wconf 86' lang='lat' dir='ltr'><strong>metuentes</strong></span> <span class='ocrx_word' id='word_1_189' title='bbox 1086 2519 1196 2581; x_wconf 81' lang='lat' dir='ltr'><strong>ordini</strong></span> <span class='ocrx_word' id='word_1_190' title='bbox 1225 2537 1299 2595; x_wconf 89' lang='lat' dir='ltr'><strong>suo,</strong></span> <span class='ocrx_word' id='word_1_191' title='bbox 1325 2523 1333 2536; x_wconf 89' lang='lat'><em>&#39;</em></span> 
     </span>
     <span class='ocr_line' id='line_1_26' title="bbox 259 2598 1301 2685; baseline -0.002 -17"><span class='ocrx_word' id='word_1_192' title='bbox 259 2606 301 2668; x_wconf 83' lang='lat' dir='ltr'><strong>ab</strong></span> <span class='ocrx_word' id='word_1_193' title='bbox 315 2599 394 2684; x_wconf 75' lang='lat' dir='ltr'><strong>ejus</strong></span> <span class='ocrx_word' id='word_1_194' title='bbox 417 2598 762 2682; x_wconf 78' lang='lat' dir='ltr'><strong>auxilioteplerique</strong></span> <span class='ocrx_word' id='word_1_195' title='bbox 783 2598 1005 2664; x_wconf 74' lang='lat' dir='ltr'><strong>retrahebant:</strong></span> <span class='ocrx_word' id='word_1_196' title='bbox 1027 2605 1120 2681; x_wconf 90' lang='lat' dir='ltr'><strong>quod</strong></span> <span class='ocrx_word' id='word_1_197' title='bbox 1138 2619 1175 2668; x_wconf 82' lang='lat' dir='ltr'><strong>et</strong></span> <span class='ocrx_word' id='word_1_198' title='bbox 1195 2603 1301 2685; x_wconf 85' lang='lat' dir='ltr'><strong>major</strong></span> 
     </span>
     <span class='ocr_line' id='line_1_27' title="bbox 258 2685 1302 2772; baseline 0 -21"><span class='ocrx_word' id='word_1_199' title='bbox 258 2705 333 2772; x_wconf 77' lang='lat' dir='ltr'><strong>pata</strong></span> <span class='ocrx_word' id='word_1_200' title='bbox 354 2704 529 2770; x_wconf 74' lang='lat' dir='ltr'><strong>procerum</strong></span> <span class='ocrx_word' id='word_1_201' title='bbox 550 2685 721 2748; x_wconf 72' lang='lat' dir='ltr'><strong>factitabat.</strong></span> <span class='ocrx_word' id='word_1_202' title='bbox 756 2685 844 2746; x_wconf 83' lang='lat' dir='ltr'><strong>Tum</strong></span> <span class='ocrx_word' id='word_1_203' title='bbox 868 2705 952 2750; x_wconf 81' lang='lat' dir='ltr'><strong>vero</strong></span> <span class='ocrx_word' id='word_1_204' title='bbox 968 2685 1095 2764; x_wconf 85' lang='lat' dir='ltr'><strong>videus,</strong></span> <span class='ocrx_word' id='word_1_205' title='bbox 1116 2709 1186 2754; x_wconf 84' lang='lat' dir='ltr'><strong>rem</strong></span> <span class='ocrx_word' id='word_1_206' title='bbox 1204 2709 1302 2753; x_wconf 85' lang='lat' dir='ltr'><strong>suant</strong></span> 
     </span>
     <span class='ocr_line' id='line_1_28' title="bbox 259 2767 1300 2850; baseline 0 -12"><span class='ocrx_word' id='word_1_207' title='bbox 259 2778 295 2838; x_wconf 85' lang='lat' dir='ltr'><strong>in</strong></span> <span class='ocrx_word' id='word_1_208' title='bbox 318 2769 406 2835; x_wconf 76' lang='lat' dir='ltr'><strong>circio</strong></span> <span class='ocrx_word' id='word_1_209' title='bbox 428 2767 643 2844; x_wconf 70' lang='lat' dir='ltr'><strong>&#39;sitam‚&#39;irtito&#39;</strong></span> <span class='ocrx_word' id='word_1_210' title='bbox 656 2784 724 2831; x_wconf 89' lang='lat' dir='ltr'><strong>tarn</strong></span> <span class='ocrx_word' id='word_1_211' title='bbox 744 2771 883 2846; x_wconf 70' lang='lat' dir='ltr'><strong>secuto,</strong></span> <span class='ocrx_word' id='word_1_212' title='bbox 905 2789 1004 2849; x_wconf 77' lang='lat' dir='ltr'><strong>quam</strong></span> <span class='ocrx_word' id='word_1_213' title='bbox 1027 2770 1132 2836; x_wconf 88' lang='lat' dir='ltr'><strong>astu&#39;to</strong></span> <span class='ocrx_word' id='word_1_214' title='bbox 1149 2774 1300 2850; x_wconf 86' lang='lat' dir='ltr'><strong>consilio,</strong></span> 
     </span>
     <span class='ocr_line' id='line_1_29' title="bbox 258 2851 1301 2940; baseline 0 -18"><span class='ocrx_word' id='word_1_215' title='bbox 258 2857 403 2926; x_wconf 84' lang='lat' dir='ltr'><strong>subitum</strong></span> <span class='ocrx_word' id='word_1_216' title='bbox 431 2861 465 2919; x_wconf 84' lang='lat' dir='ltr'><strong>et</strong></span> <span class='ocrx_word' id='word_1_217' title='bbox 491 2851 696 2936; x_wconf 77' lang='lat' dir='ltr'><strong>inopinatum</strong></span> <span class='ocrx_word' id='word_1_218' title='bbox 713 2851 787 2917; x_wconf 87' lang='lat' dir='ltr'><strong>iter</strong></span> <span class='ocrx_word' id='word_1_219' title='bbox 814 2855 849 2916; x_wconf 88' lang='lat' dir='ltr'><strong>in</strong></span> <span class='ocrx_word' id='word_1_220' title='bbox 871 2869 1041 2918; x_wconf 82' lang='lat' dir='ltr'><strong>occursum</strong></span> <span class='ocrx_word' id='word_1_221' title='bbox 1064 2858 1233 2940; x_wconf 86' lang='lat' dir='ltr'><strong>apostolici</strong></span> <span class='ocrx_word' id='word_1_222' title='bbox 1256 2881 1301 2922; x_wconf 87' lang='lat' dir='ltr'><strong>ar·</strong></span> 
     </span>
     <span class='ocr_line' id='line_1_30' title="bbox 258 2938 1302 3026; baseline 0.006 -22"><span class='ocrx_word' id='word_1_223' title='bbox 258 2941 367 3026; x_wconf 83' lang='lat' dir='ltr'><strong>ripnit,</strong></span> <span class='ocrx_word' id='word_1_224' title='bbox 390 2939 525 3021; x_wconf 79' lang='lat' dir='ltr'><strong>unoque</strong></span> <span class='ocrx_word' id='word_1_225' title='bbox 546 2941 631 3002; x_wconf 85' lang='lat' dir='ltr'><strong>facto</strong></span> <span class='ocrx_word' id='word_1_226' title='bbox 653 2941 721 3002; x_wconf 91' lang='lat' dir='ltr'><strong>duo</strong></span> <span class='ocrx_word' id='word_1_227' title='bbox 742 2939 877 3022; x_wconf 82' lang='lat' dir='ltr'><strong>peregit,</strong></span> <span class='ocrx_word' id='word_1_228' title='bbox 898 2938 1018 3004; x_wconf 85' lang='lat' dir='ltr'><strong>scilicet</strong></span> <span class='ocrx_word' id='word_1_229' title='bbox 1039 2957 1073 3006; x_wconf 91' lang='lat' dir='ltr'><strong>et</strong></span> <span class='ocrx_word' id='word_1_230' title='bbox 1094 2945 1194 3009; x_wconf 87' lang='lat' dir='ltr'><strong>banni</strong></span> <span class='ocrx_word' id='word_1_231' title='bbox 1214 2947 1302 3012; x_wconf 77' lang='lat' dir='ltr'><strong>soltr-</strong></span> 
     </span>
    </p>
   </div>
   <div class='ocr_carea' id='block_1_10' title="bbox 257 3023 1414 3111">
    <p class='ocr_par' dir='ltr' id='par_1_10' title="bbox 257 3023 1414 3111">
     <span class='ocr_line' id='line_1_31' title="bbox 257 3023 1414 3111; baseline -0.002 -17"><span class='ocrx_word' id='word_1_232' title='bbox 257 3027 385 3094; x_wconf 84' lang='lat' dir='ltr'><strong>tionem</strong></span> <span class='ocrx_word' id='word_1_233' title='bbox 409 3027 540 3107; x_wconf 83' lang='lat' dir='ltr'><strong>accepit,</strong></span> <span class='ocrx_word' id='word_1_234' title='bbox 563 3038 596 3090; x_wconf 86' lang='lat' dir='ltr'><strong>et</strong></span> <span class='ocrx_word' id='word_1_235' title='bbox 613 3041 800 3107; x_wconf 80' lang='lat' dir='ltr'><strong>suspectum</strong></span> <span class='ocrx_word' id='word_1_236' title='bbox 822 3024 882 3096; x_wconf 81' lang='lat' dir='ltr'><strong>sibi</strong></span> <span class='ocrx_word' id='word_1_237' title='bbox 904 3025 1106 3107; x_wconf 74' lang='lat' dir='ltr'><strong>colloquium</strong></span> <span class='ocrx_word' id='word_1_238' title='bbox 1129 3029 1300 3111; x_wconf 80' lang='lat' dir='ltr'><strong>apostolici</strong></span> <span class='ocrx_word' id='word_1_239' title='bbox 1406 3023 1414 3084; x_wconf 77' lang='grc' dir='ltr'><strong>’ἶ</strong></span> 
     </span>
    </p>
   </div>
   <div class='ocr_carea' id='block_1_11' title="bbox 258 3108 1361 3202">
    <p class='ocr_par' dir='ltr' id='par_1_11' title="bbox 258 3108 1361 3202">
     <span class='ocr_line' id='line_1_32' title="bbox 258 3108 1361 3202; baseline 0 -24"><span class='ocrx_word' id='word_1_240' title='bbox 258 3131 336 3178; x_wconf 89' lang='lat' dir='ltr'><strong>cum</strong></span> <span class='ocrx_word' id='word_1_241' title='bbox 359 3111 549 3176; x_wconf 86' lang='lat' dir='ltr'><strong>adversariis</strong></span> <span class='ocrx_word' id='word_1_242' title='bbox 572 3110 655 3186; x_wconf 86' lang='lat' dir='ltr'><strong>suis,</strong></span> <span class='ocrx_word' id='word_1_243' title='bbox 677 3109 758 3192; x_wconf 67' lang='lat' dir='ltr'><strong>,ipse</strong></span> <span class='ocrx_word' id='word_1_244' title='bbox 780 3108 907 3172; x_wconf 89' lang='lat' dir='ltr'><strong>medius</strong></span> <span class='ocrx_word' id='word_1_245' title='bbox 929 3109 1130 3202; x_wconf 22' lang='lat' dir='ltr'><strong>intercepit..</strong></span> <span class='ocrx_word' id='word_1_246' title='bbox 1153 3117 1221 3178; x_wconf 90' lang='lat' dir='ltr'><strong>Pro</strong></span> <span class='ocrx_word' id='word_1_247' title='bbox 1243 3115 1301 3178; x_wconf 89' lang='lat' dir='ltr'><strong>im·</strong></span> <span class='ocrx_word' id='word_1_248' title='bbox 1357 3159 1361 3169; x_wconf 84' lang='lat'>·</span> 
     </span>
    </p>
   </div>
   <div class='ocr_carea' id='block_1_12' title="bbox 141 3189 1301 3284">
    <p class='ocr_par' dir='ltr' id='par_1_12' title="bbox 141 3189 1301 3284">
     <span class='ocr_line' id='line_1_33' title="bbox 141 3189 1301 3284; baseline 0.002 -22"><span class='ocrx_word' id='word_1_249' title='bbox 141 3231 147 3238; x_wconf 75' lang='lat'><em>,</em></span> <span class='ocrx_word' id='word_1_250' title='bbox 256 3199 365 3284; x_wconf 84' lang='lat' dir='ltr'><strong>pbsito</strong></span> <span class='ocrx_word' id='word_1_251' title='bbox 393 3196 453 3262; x_wconf 83' lang='lat' dir='ltr'><strong>sibi</strong></span> <span class='ocrx_word' id='word_1_252' title='bbox 482 3189 619 3258; x_wconf 84' lang='lat' dir='ltr'><strong>ctiinine</strong></span> <span class='ocrx_word' id='word_1_253' title='bbox 647 3215 763 3276; x_wconf 87' lang='lat' dir='ltr'><strong>parum</strong></span> <span class='ocrx_word' id='word_1_254' title='bbox 790 3195 976 3275; x_wconf 79' lang='lat' dir='ltr'><strong>respondit,</strong></span> <span class='ocrx_word' id='word_1_255' title='bbox 1012 3197 1088 3277; x_wconf 90' lang='lat' dir='ltr'><strong>quia</strong></span> <span class='ocrx_word' id='word_1_256' title='bbox 1109 3200 1150 3262; x_wconf 76' lang='lat' dir='ltr'><strong>ad</strong></span> <span class='ocrx_word' id='word_1_257' title='bbox 1173 3221 1301 3264; x_wconf 83' lang='lat' dir='ltr'><strong>accusa-</strong></span> 
     </span>
    </p>
   </div>
   <div class='ocr_carea' id='block_1_13' title="bbox 250 3279 1300 3792">
    <p class='ocr_par' dir='ltr' id='par_1_13' title="bbox 250 3279 1300 3792">
     <span class='ocr_line' id='line_1_34' title="bbox 252 3279 1300 3357; baseline -0.003 -7"><span class='ocrx_word' id='word_1_258' title='bbox 252 3280 380 3350; x_wconf 78' lang='lat' dir='ltr'><strong>tiotleor</strong></span> <span class='ocrx_word' id='word_1_259' title='bbox 402 3280 609 3346; x_wconf 86' lang='lat' dir='ltr'><strong>inimicorum</strong></span> <span class='ocrx_word' id='word_1_260' title='bbox 631 3294 785 3351; x_wconf 83' lang='lat' dir='ltr'><strong>suorum,</strong></span> <span class='ocrx_word' id='word_1_261' title='bbox 817 3280 887 3344; x_wconf 60' lang='lat' dir='ltr'><strong>etsi*</strong></span> <span class='ocrx_word' id='word_1_262' title='bbox 900 3301 979 3344; x_wconf 87' lang='lat' dir='ltr'><strong>vera</strong></span> <span class='ocrx_word' id='word_1_263' title='bbox 996 3281 1126 3357; x_wconf 85' lang='lat' dir='ltr'><strong>fuisset,</strong></span> <span class='ocrx_word' id='word_1_264' title='bbox 1146 3279 1300 3350; x_wconf 80' lang='lat' dir='ltr'><strong>nonsibi</strong></span> 
     </span>
     <span class='ocr_line' id='line_1_35' title="bbox 255 3364 1298 3452; baseline -0.006 -16"><span class='ocrx_word' id='word_1_265' title='bbox 255 3368 528 3452; x_wconf 76' lang='lat' dir='ltr'><strong>respondendum</strong></span> <span class='ocrx_word' id='word_1_266' title='bbox 569 3364 735 3430; x_wconf 72' lang='lat' dir='ltr'><strong>assessis·</strong></span> <span class='ocrx_word' id='word_1_267' title='bbox 780 3365 871 3452; x_wconf 77' lang='lat' dir='ltr'><strong>Quid</strong></span> <span class='ocrx_word' id='word_1_268' title='bbox 914 3366 1009 3430; x_wconf 87' lang='lat' dir='ltr'><strong>vobis</strong></span> <span class='ocrx_word' id='word_1_269' title='bbox 1049 3368 1187 3450; x_wconf 88' lang='lat' dir='ltr'><strong>profuit,</strong></span> <span class='ocrx_word' id='word_1_270' title='bbox 1231 3370 1298 3436; x_wconf 76' lang='lat' dir='ltr'><strong>hoe</strong></span> 
     </span>
     <span class='ocr_line' id='line_1_36' title="bbox 256 3449 1300 3540; baseline -0.003 -19"><span class='ocrx_word' id='word_1_271' title='bbox 256 3457 373 3540; x_wconf 79' lang='lat' dir='ltr'><strong>egisse,</strong></span> <span class='ocrx_word' id='word_1_272' title='bbox 395 3467 432 3516; x_wconf 90' lang='lat' dir='ltr'><strong>ut</strong></span> <span class='ocrx_word' id='word_1_273' title='bbox 453 3455 564 3517; x_wconf 86' lang='lat' dir='ltr'><strong>banno</strong></span> <span class='ocrx_word' id='word_1_274' title='bbox 585 3449 774 3532; x_wconf 76' lang='lat' dir='ltr'><strong>illigaretur,</strong></span> <span class='ocrx_word' id='word_1_275' title='bbox 797 3469 874 3512; x_wconf 85' lang='lat' dir='ltr'><strong>cum</strong></span> <span class='ocrx_word' id='word_1_276' title='bbox 896 3450 940 3514; x_wconf 89' lang='lat' dir='ltr'><strong>de</strong></span> <span class='ocrx_word' id='word_1_277' title='bbox 961 3453 1072 3518; x_wconf 87' lang='lat' dir='ltr'><strong>hauno</strong></span> <span class='ocrx_word' id='word_1_278' title='bbox 1093 3455 1220 3519; x_wconf 84' lang='lat' dir='ltr'><strong>solutus</strong></span> <span class='ocrx_word' id='word_1_279' title='bbox 1235 3477 1300 3538; x_wconf 79' lang='lat' dir='ltr'><strong>po</strong></span> 
     </span>
     <span class='ocr_line' id='line_1_37' title="bbox 256 3536 1297 3624; baseline -0.002 -18"><span class='ocrx_word' id='word_1_280' title='bbox 256 3540 357 3606; x_wconf 88' lang='lat' dir='ltr'><strong>tentia</strong></span> <span class='ocrx_word' id='word_1_281' title='bbox 383 3537 442 3602; x_wconf 85' lang='lat' dir='ltr'><strong>susi</strong></span> <span class='ocrx_word' id='word_1_282' title='bbox 469 3551 623 3618; x_wconf 87' lang='lat' dir='ltr'><strong>potenter</strong></span> <span class='ocrx_word' id='word_1_283' title='bbox 642 3536 769 3598; x_wconf 76' lang='lat' dir='ltr'><strong>utatur?</strong></span> <span class='ocrx_word' id='word_1_284' title='bbox 804 3536 895 3624; x_wconf 74' lang='lat' dir='ltr'><strong>Quid</strong></span> <span class='ocrx_word' id='word_1_285' title='bbox 922 3537 1018 3603; x_wconf 87' lang='lat' dir='ltr'><strong>vobis</strong></span> <span class='ocrx_word' id='word_1_286' title='bbox 1047 3540 1185 3620; x_wconf 83' lang='lat' dir='ltr'><strong>profuit,</strong></span> <span class='ocrx_word' id='word_1_287' title='bbox 1220 3561 1297 3610; x_wconf 86' lang='lat' dir='ltr'><strong>cunt</strong></span> 
     </span>
     <span class='ocr_line' id='line_1_38' title="bbox 255 3622 1296 3699; baseline -0.003 -9"><span class='ocrx_word' id='word_1_288' title='bbox 255 3624 336 3690; x_wconf 79' lang='lat' dir='ltr'><strong>fictis</strong></span> <span class='ocrx_word' id='word_1_289' title='bbox 358 3624 544 3687; x_wconf 83' lang='lat' dir='ltr'><strong>criminibus</strong></span> <span class='ocrx_word' id='word_1_290' title='bbox 567 3622 760 3688; x_wconf 75' lang='lat' dir='ltr'><strong>accusasse?</strong></span> <span class='ocrx_word' id='word_1_291' title='bbox 793 3641 868 3684; x_wconf 87' lang='lat' dir='ltr'><strong>cum</strong></span> <span class='ocrx_word' id='word_1_292' title='bbox 891 3624 1129 3690; x_wconf 84' lang='lat' dir='ltr'><strong>accusationem</strong></span> <span class='ocrx_word' id='word_1_293' title='bbox 1153 3643 1296 3699; x_wconf 78' lang='lat' dir='ltr'><strong>vestram</strong></span> 
     </span>
     <span class='ocr_line' id='line_1_39' title="bbox 250 3707 1297 3792; baseline -0.002 -18"><span class='ocrx_word' id='word_1_294' title='bbox 250 3709 342 3774; x_wconf 80' lang='lat' dir='ltr'><strong>&#39;facili</strong></span> <span class='ocrx_word' id='word_1_295' title='bbox 364 3726 534 3792; x_wconf 86' lang='lat' dir='ltr'><strong>responso,</strong></span> <span class='ocrx_word' id='word_1_296' title='bbox 557 3721 594 3768; x_wconf 88' lang='lat' dir='ltr'><strong>ut</strong></span> <span class='ocrx_word' id='word_1_297' title='bbox 614 3723 735 3773; x_wconf 79' lang='lat' dir='ltr'><strong>ventur</strong></span> <span class='ocrx_word' id='word_1_298' title='bbox 755 3707 939 3788; x_wconf 86' lang='lat' dir='ltr'><strong>pulverem,</strong></span> <span class='ocrx_word' id='word_1_299' title='bbox 961 3707 1184 3791; x_wconf 72' lang='lat' dir='ltr'><strong>dissipaverit?</strong></span> <span class='ocrx_word' id='word_1_300' title='bbox 1207 3715 1297 3786; x_wconf 85' lang='lat' dir='ltr'><strong>Into,</strong></span> 
     </span>
    </p>
   </div>
   <div class='ocr_carea' id='block_1_14' title="bbox 158 3791 1298 3880">
    <p class='ocr_par' dir='ltr' id='par_1_14' title="bbox 158 3791 1298 3880">
     <span class='ocr_line' id='line_1_40' title="bbox 158 3791 1298 3880; baseline -0.002 -20"><span class='ocrx_word' id='word_1_301' title='bbox 158 3797 172 3816; x_wconf 85' lang='lat'><strong><em>‘</em></strong></span> <span class='ocrx_word' id='word_1_302' title='bbox 214 3859 218 3862; x_wconf 88' lang='grc'><em>,</em></span> <span class='ocrx_word' id='word_1_303' title='bbox 255 3809 343 3880; x_wconf 83' lang='lat' dir='ltr'><strong>quae</strong></span> <span class='ocrx_word' id='word_1_304' title='bbox 366 3791 614 3858; x_wconf 75' lang='lat' dir='ltr'><strong>demetrianus</strong></span> <span class='ocrx_word' id='word_1_305' title='bbox 636 3806 747 3854; x_wconf 83' lang='lat' dir='ltr'><strong>contra</strong></span> <span class='ocrx_word' id='word_1_306' title='bbox 765 3809 876 3874; x_wconf 79' lang='lat' dir='ltr'><strong>regern</strong></span> <span class='ocrx_word' id='word_1_307' title='bbox 901 3807 1046 3858; x_wconf 83' lang='lat' dir='ltr'><strong>vestrum</strong></span> <span class='ocrx_word' id='word_1_308' title='bbox 1069 3811 1103 3860; x_wconf 91' lang='lat' dir='ltr'><strong>et</strong></span> <span class='ocrx_word' id='word_1_309' title='bbox 1124 3793 1211 3858; x_wconf 85' lang='lat' dir='ltr'><strong>orbis</strong></span> <span class='ocrx_word' id='word_1_310' title='bbox 1233 3817 1298 3860; x_wconf 74' lang='lat' dir='ltr'><strong>ret·</strong></span> 
     </span>
    </p>
   </div>
   <div class='ocr_carea' id='block_1_15' title="bbox 256 3875 1297 4221">
    <p class='ocr_par' dir='ltr' id='par_1_15' title="bbox 256 3875 1297 4186">
     <span class='ocr_line' id='line_1_41' title="bbox 256 3875 1297 3964; baseline -0.001 -18"><span class='ocrx_word' id='word_1_311' title='bbox 256 3895 363 3946; x_wconf 78' lang='lat' dir='ltr'><strong>torem</strong></span> <span class='ocrx_word' id='word_1_312' title='bbox 385 3877 542 3943; x_wconf 74' lang='lat' dir='ltr'><strong>armarit?</strong></span> <span class='ocrx_word' id='word_1_313' title='bbox 581 3875 673 3940; x_wconf 85' lang='lat' dir='ltr'><strong>Nihil</strong></span> <span class='ocrx_word' id='word_1_314' title='bbox 700 3878 868 3959; x_wconf 80' lang='lat' dir='ltr'><strong>conjurata</strong></span> <span class='ocrx_word' id='word_1_315' title='bbox 893 3896 1001 3960; x_wconf 74' lang='lat' dir='ltr'><strong>nestra</strong></span> <span class='ocrx_word' id='word_1_316' title='bbox 1022 3881 1204 3964; x_wconf 85' lang='lat' dir='ltr'><strong>malignitas</strong></span> <span class='ocrx_word' id='word_1_317' title='bbox 1227 3903 1297 3962; x_wconf 88' lang='lat' dir='ltr'><strong>pro·</strong></span> 
     </span>
     <span class='ocr_line' id='line_1_42' title="bbox 257 3962 1297 4052; baseline -0.001 -21"><span class='ocrx_word' id='word_1_318' title='bbox 257 3967 340 4042; x_wconf 84' lang='lat' dir='ltr'><strong>ficit,</strong></span> <span class='ocrx_word' id='word_1_319' title='bbox 373 3963 453 4027; x_wconf 80' lang='lat' dir='ltr'><strong>nibil</strong></span> <span class='ocrx_word' id='word_1_320' title='bbox 476 3962 608 4045; x_wconf 82' lang='lat' dir='ltr'><strong>peragit.</strong></span> <span class='ocrx_word' id='word_1_321' title='bbox 654 3963 764 4052; x_wconf 75' lang='lat' dir='ltr'><strong>Quem</strong></span> <span class='ocrx_word' id='word_1_322' title='bbox 786 3964 855 4030; x_wconf 89' lang='lat' dir='ltr'><strong>Dei</strong></span> <span class='ocrx_word' id='word_1_323' title='bbox 876 3983 992 4027; x_wconf 87' lang='lat' dir='ltr'><strong>manus</strong></span> <span class='ocrx_word' id='word_1_324' title='bbox 1013 3964 1048 4027; x_wconf 92' lang='lat' dir='ltr'><strong>in</strong></span> <span class='ocrx_word' id='word_1_325' title='bbox 1067 3986 1173 4050; x_wconf 79' lang='lat' dir='ltr'><strong>regno</strong></span> <span class='ocrx_word' id='word_1_326' title='bbox 1194 3966 1297 4032; x_wconf 87' lang='lat' dir='ltr'><strong>firma-</strong></span> 
     </span>
     <span class='ocr_line' id='line_1_43' title="bbox 256 4048 1297 4186; baseline -0.004 -68"><span class='ocrx_word' id='word_1_327' title='bbox 256 4053 322 4130; x_wconf 71' lang='lat' dir='ltr'><strong>vit,</strong></span> <span class='ocrx_word' id='word_1_328' title='bbox 350 4065 460 4118; x_wconf 74' lang='lat' dir='ltr'><strong>vestra</strong></span> <span class='ocrx_word' id='word_1_329' title='bbox 479 4048 623 4132; x_wconf 72' lang='lat' dir='ltr'><strong>dejicere</strong></span> <span class='ocrx_word' id='word_1_330' title='bbox 642 4067 714 4137; x_wconf 70' lang='lat' dir='ltr'><strong>nou</strong></span> <span class='ocrx_word' id='word_1_331' title='bbox 732 4049 866 4132; x_wconf 78' lang='lat' dir='ltr'><strong>poterit.</strong></span> <span class='ocrx_word' id='word_1_332' title='bbox 907 4050 976 4114; x_wconf 84' lang='lat' dir='ltr'><strong>Ubi</strong></span> <span class='ocrx_word' id='word_1_333' title='bbox 995 4051 1096 4152; x_wconf 79' lang='lat' dir='ltr'><strong>fides,</strong></span> <span class='ocrx_word' id='word_1_334' title='bbox 1127 4071 1226 4149; x_wconf 77' lang='lat' dir='ltr'><strong>quarn</strong></span> <span class='ocrx_word' id='word_1_335' title='bbox 1243 4052 1297 4186; x_wconf 55' lang='lat' dir='ltr'><strong>issi</strong></span> 
     </span>
    </p>

    <p class='ocr_par' dir='ltr' id='par_1_16' title="bbox 1144 4153 1287 4221">
     <span class='ocr_line' id='line_1_44' title="bbox 1144 4153 1287 4221; baseline 0 -21"><span class='ocrx_word' id='word_1_336' title='bbox 1144 4153 1287 4221; x_wconf 81' lang='lat' dir='ltr'><strong>Jurasus.</strong></span> 
     </span>
    </p>
   </div>
   <div class='ocr_carea' id='block_1_16' title="bbox 739 4319 1158 4412">
    <p class='ocr_par' dir='ltr' id='par_1_17' title="bbox 739 4319 1158 4412">
     <span class='ocr_line' id='line_1_45' title="bbox 739 4319 830 4356; baseline 0 0"><span class='ocrx_word' id='word_1_337' title='bbox 739 4319 830 4356; x_wconf 77' lang='lat' dir='ltr'><strong>‘t</strong></span> 
     </span>
     <span class='ocr_line' id='line_1_46' title="bbox 967 4381 1158 4412; baseline -0.005 1"><span class='ocrx_word' id='word_1_338' title='bbox 967 4381 1158 4412; x_wconf 57' lang='grc' dir='ltr'><strong>’,ι</strong></span> 
     </span>
    </p>
   </div>
   <div class='ocr_carea' id='block_1_17' title="bbox 0 0 1420 4852">
    <p class='ocr_par' dir='ltr' id='par_1_18' title="bbox 0 0 1420 4852">
     <span class='ocr_line' id='line_1_47' title="bbox 0 0 1420 4852; baseline 0 2"><span class='ocrx_word' id='word_1_339' title='bbox 0 0 1420 4852; x_wconf 95' lang='lat' dir='ltr'><strong> </strong></span> 
     </span>
    </p>
   </div>
  </div>
 </body>
</html>
