2788 4854
67 597 151 668 quarn
172 581 344 682 hortonam
367 578 513 659 causam,
545 599 603 646 eos
625 578 768 663 colloqui
790 591 971 664 oporteret,
1004 603 1097 648 curn

67 674 180 736 duobus
203 669 372 732 adruinus
395 659 542 766 legitimis
565 664 716 747 testibus,
750 683 837 730 extra
859 669 996 732 domum
1019 673 1081 732 col

25 757 273 854 loquerentur.
317 753 351 816 Si
379 775 460 816 vero
489 753 523 814 in
553 753 680 814 duobus
709 767 787 814 aut
785 751 827 814 in
854 751 973 819 tribus
982 755 1114 853 legiti-

66 841 114 902 mis
116 837 285 920 testibus,
312 838 369 900 vel
390 833 520 919 publica
542 837 813 928 parochianorum
835 838 936 917 fama,
966 835 1086 920 aliquis

66 944 165 988 eornm
195 937 361 989 accusatus
388 937 490 996 esset,
525 922 615 1005 quod
643 917 733 984 hoc
736 932 889 984 statutum
916 922 1081 1002 violasset,

13 1017 20 1116 l

63 1023 199 1092 purgaret
227 1029 263 1072 se
292 1007 449 1105 adjunctis
479 1007 538 1068 sibi
562 1027 674 1070 secum
709 1008 832 1072 ordinis
850 1007 919 1079 sui
944 1009 1082 1074 idoneis

66 1095 182 1156 testibus
205 1113 279 1168 sex,
307 1095 337 1158 si
358 1093 543 1174 presbyten
558 1091 742 1190 quinque
749 1095 776 1158 si
799 1089 993 1178 diaconus3
1007 1094 1082 1174 qua

66 1192 133 1253 tuor,
159 1175 187 1239 si
198 1177 434 1241 subdiaconus
455 1192 552 1240 esset.
596 1176 657 1239 Cui
687 1175 797 1240 autem
826 1169 927 1238 haec'
934 1178 1087 1269 purgatio
1163 1217 1173 1236 Γ

13 1255 15 1354 ξ
68 1265 220 1344 deficeret,
254 1277 290 1324 ut
311 1270 525 1343 transgressor
547 1261 626 1324 sacri
648 1263 754 1324 statuti
769 1254 981 1343 iudicaretur.
1025 1263 1083 1332 tui
1172 1284 1178 1296 ¹

13 1355 15 1430 Γ
67 1364 160 1410 autent
182 1339 371 1430 preibyteri
403 1347 459 1426 qui
488 1346 590 1408 ditini
619 1346 723 1408 altaris
750 1364 786 1418 et
806 1365 970 1409 sacrorum
1002 1348 1091 1412 ordi-

13 1437 20 1510 Γ
67 1453 132 1494 num
152 1445 405 1514 contemptores,
433 1433 669 1529 praeeligerent
690 1453 765 1493 cnm
786 1431 977 1496 rn'ulierlbus
998 1432 1084 1494 habi·

13 1515 15 1534 ⁸
68 1532 180 1594 ure,a
162 1517 318 1616 adivinp
341 1515 450 1580 officio
472 1517 606 1594 remoti,
636 1529 669 1579 et
690 1517 781 1578 omni
803 1516 1009 1586 ecclesiastici
1031 1521 1084 1583 be
1108 1525 1113 1535 ¹

68 1598 167 1665 nelicio
190 1599 357 1689 privati,
362 1616 450 1664 extra
473 1599 609 1662 chorum
631 1616 833 1683 ponerentur
847 1595 994 1668 insanies
1012 1621 1085 1684 pro

22 1678 27 1694 ¹
68 1687 201 1750 nunciati.
250 1687 326 1785 Qui
346 1696 427 1750 veto
454 1684 588 1748 rebellis
607 1701 640 1750 et
661 1701 875 1766 contemptor,
902 1687 1084 1750 foeminam
1134 1695 1171 1743 .’

23 1840 27 1851 ,
69 1791 143 1834 suam
169 1793 242 1835 non
269 1771 471 1851 relinqueret
498 1785 531 1834 et
562 1769 691 1858 missam
715 1772 879 1836 celebrare
900 1792 1085 1864 praesume
1196 1816 1201 1824 ι
1233 1841 1237 1851 „
1331 1821 1334 1830 .

68 1871 114 1932 ret,
132 1858 266 1921 vocatus
289 1858 330 1918 ad
349 1856 611 1938 satisfactionem,
633 1831 661 1920 si
682 1855 871 1954 negligeret,
894 1871 1011 1920 octavo
1030 1856 1083 1921 dre
1105 1901 1112 1910 ,
1159 1881 1170 1936 j
1265 1898 1270 1904 -
1335 1862 1349 1924 J

69 1941 399 2006 excommunicaretur.
458 1942 587 2004 Eadem
628 1941 805 2015 sententia,
841 1939 1084 2018 archidiaconos
1128 1988 1131 1996 =
1295 1943 1297 1952 '

70 2041 94 2088 et
108 2026 280 2090 canonicos
294 2045 419 2088 omnes
441 2027 723 2124 complectebatur,
746 2039 810 2090 tam
832 2027 875 2089 de
893 2026 1084 2097 mulieribus

19 2112 21 2121 '
69 2109 289 2212 relinquendis,
312 2127 410 2192 quam
434 2112 476 2172 de
499 2109 631 2173 vitanda
652 2131 765 2175 earum
784 2112 1034 2181 conversatione
1052 2109 1094 2175 et
1114 2158 1116 2166 .

13 3170 22 3192 ,ι
68 3134 220 3234 gressiope
253 3130 387 3231 ΓΓΓΓΓεΓΓΓΓΓ
420 3129 547 3192 concilii
588 3132 627 3191 ab
661 3129 769 3214 officio
804 3145 984 3228 cessantes,
1026 3151 1087 3229 pro
1118 3120 1123 3135 ⁸
1156 3163 1160 3168 ·
1249 3158 1272 3176 ν

69 2195 102 2260 de
121 2195 316 2261 districtione
338 2210 511 2269 censurae,
543 2195 570 2257 si
593 2211 708 2258 statuta
730 2192 915 2277 transgressi
936 2197 1083 2271 fuissent.
1173 2225 1177 2233 1

68 2279 238 2362 durarent
230 2291 365 2369 insuper
388 2279 609 2344 archidiaconi
636 2300 762 2354 omnes,
791 2281 883 2378 quod
911 2283 1096 2362 pecuniam

68 2385 123 2428 non
143 2367 329 2450 acciperent
349 2387 408 2447 pro
431 2367 598 2428 toleranda
627 2366 880 2446 transgressione
906 2366 1005 2446 hujus
1028 2383 1085 2428 sta-

69 2451 129 2526 tuti,
154 2473 217 2517 nec
238 2451 415 2534 tolerarent
435 2453 658 2550 presbyteros,
680 2469 763 2530 quos
785 2448 903 2512 scirent
923 2449 1085 2514 foeminas

68 2534 189 2628 trabere,
225 2551 356 2600 cantare
384 2537 438 2599 vel
467 2535 603 2598 vicarios
622 2532 771 2612 habere,
807 2549 840 2598 et
866 2535 896 2596 si
918 2555 978 2598 eos
999 2534 1086 2596 andr
1099 2563 1102 2570 ,

68 2636 127 2684 rent
146 2619 351 2697 calumniari,
378 2620 551 2684 veritatem
565 2618 680 2690 inde
670 2620 885 2718 ququiretent.
936 2619 1087 2684 Similiter

69 2719 95 2768 et
117 2708 229 2771 decani
258 2706 340 2771 haec
368 2707 486 2770 eadem
508 2725 567 2786 per
589 2704 698 2766 omnia
717 2706 871 2784 jurarent.
915 2703 983 2794 Qui
1004 2725 1086 2771 vero

23 2827 26 2834 ·
69 2791 297 2864 archidiaconus
330 2792 387 2855 vel
418 2784 560 2854 decanus
592 2788 696 2872 hoc
684 2811 803 2870 Jurare
824 2791 945 2868 nollet,
991 2787 1086 2853 archi·

70 2869 262 2942 diaconatum
288 2877 346 2939 vel
378 2875 574 2940 decanatum
594 2874 893 2956 irrecuperabiliter
917 2877 1086 2972 perderet.

60 2959 246 3046 'Presbyteri'
262 2972 362 3036 vero,
384 2961 441 3042 qui
457 2945 580 3024 relictis
602 2959 814 3034 mulieribus,
829 2961 907 3024 Deo
931 2976 964 3024 et
990 2959 1086 3023 sacris
1180 2981 1182 2983 ’
1236 2951 1241 2955 ’
1296 2949 1327 3068 Τ

69 3047 203 3111 altaribus
226 3045 351 3110 servire
370 3046 539 3128 eligerent,
570 3044 781 3126 quadraginta
810 3045 880 3108 dies
907 3067 967 3127 pro
990 3061 1087 3110 trans

13 3231 15 3300 Γ
67 3235 97 3280 sc
114 3217 241 3282 interim
263 3216 399 3280 vicarios
421 3217 594 3315 lpaberen't,
627 3208 785 3296 injuncta
802 3204 848 3279 eis
875 3213 1087 3296 poenitentia,

13 3319 15 3330 Γ
67 3305 238 3366 secundum
270 3301 361 3382 qnod
384 3300 550 3383 episcopis
579 3319 710 3364 eorum
721 3298 830 3362 visum
863 3313 958 3364 esset.
1008 3299 1088 3370 om.

68 3385 112 3448 nia
142 3409 225 3452 vero
259 3383 392 3448 mobilia
433 3388 618 3467 lapsorum
636 3383 776 3466 posthac
810 3388 1087 3484 presbyterorum,

68 3463 285 3572 fflaconorum,
321 3468 600 3538 subdiaconorum
637 3483 669 3534 et
702 3469 974 3567 canonicorum,
987 3471 1116 3532 trade·

19 3593 26 3608 Γ
68 3570 166 3620 rentur
187 3555 367 3642 episcopis,
391 3572 424 3624 et
445 3553 649 3653 cpncobluoe
670 3573 747 3618 curn
767 3547 866 3654 rebus
888 3550 972 3685 sitis}
995 3555 1088 3620 velut
1157 3597 1159 3600 -
1223 3619 1230 3635 Γ
1269 3589 1308 3632 Γ,
1358 3537 1380 3562 ι’

13 3629 16 3702 Γ

13 3877 15 3906 Γ

13 4071 15 4090 l
185 4089 199 4094 -

13 4099 16 4208 Γ
263 4144 265 4148 -
476 4161 480 4174 .

13 4215 22 4284 Γ,
162 4271 164 4276 ,

128 4293 129 4297 ’
449 4297 453 4312 Γ

13 4283 64 4480 Γ,
190 4383 195 4400 ,
452 4403 455 4411 ,

13 4481 20 4640 Γ
346 4542 354 4557 ,

205 4703 210 4714 Γ

65 3641 234 3710 odulterae
